5067 6898
207 188 58 92 p.
339 190 405 125 u«svd.

1102 242 103 73 r-\j
1449 229 274 78 iiWAv
1828 228 570 98 (-tyWw+Avi
2422 228 130 67 *,*i
2616 228 458 72 :'"«-«f4»eV*^
3184 228 389 76 üi/jyw
3599 228 273 78 H^li

4300 209 118 85 -A.
4453 265 25 27 •
4556 209 149 86 Xö
4724 243 39 52 f
4783 209 117 84 !!•

149 425 1785 488 ALGEMEEN
2157 425 2678 488 HANDELSBLAD.

351 983 474 47 ABONNEMENTSPRIJS
849 998 124 31 VOOR
997 994 24 34 3
1044 990 242 34 MAANDEN.

177 1024 31 74 f
255 1038 48 45 n!?,
301 1032 111 33 terdam
537 1045 145 38 ƒ6.-.
733 1051 83 31 Voor
836 1051 37 30 de
894 1048 119 41 overige
1033 1046 130 41 plaatsen
1186 1045 51 31 des
1259 1037 70 48 ri>
1337 1044 170 40 ..ƒ7.-.

246 1078 99 38 ei'lijke
361 1090 150 27 nummers
529 1103 28 18 .„
582 1094 97 34 0.08.
729 1098 204 39 Bestellingen
950 1106 37 20 en
1006 1095 293 39 aanvragen/y-öwA-o
1312 1094 28 27 in
1352 1097 28 24 te
1393 1093 122 30 zenden.

372 1136 79 24 moet.
476 1137 66 31 v<>U!
544 1149 57 21 aan
624 1143 58 40 ijn
704 1142 132 44 uiterlijk
857 1155 38 28 op
919 1144 56 28 den
998 1142 40 32 15
1096 1152 59 18 van
1175 1126 38 44 ilc
1233 1135 44 34 3**
1298 1133 115 37 maand,

220 1172 48 26 iad
289 1174 157 41 verschijnt
469 1181 161 45 dagelijks,
653 1191 123 31 behalve
796 1202 40 30 op
857 1191 104 31 enkele
983 1187 176 41 letfltdegfeh.

1833 996 581 133 Zaterdag*
2489 998 64 98 1
2624 993 533 103 Januari.

1781 1159 693 43 UITGEVERS-DIREiITETJREN:
2509 1159 333 35 GEBROEDERS
2872 1154 326 40 DÏÊJÖERÏCHS,

3844 973 124 32 PRIJS
3993 976 93 30 DER
4109 976 374 30 ADVERTENTIES:

3461 1028 69 30 Van
3552 1037 66 21 een
3646 1031 41 27 tot
3710 1038 71 20 vijf
3804 1038 120 31 gewone
3947 1028 98 43 regele
4056 1028 32 41 f
4103 1026 90 33 1.28.
4239 1029 77 30 Elke
4338 1029 81 41 regel
4442 1038 79 20 meer
4744 1030 19 37 f
4763 1030 99 37 0.25.

3463 1075 183 40 Aanvragen
3665 1085 35 19 en
3720 1076 187 40 vermelding
3922 1085 59 19 van
4003 1074 182 41 liefdegiften
4202 1077 118 30 worden
4343 1077 148 40 geplaatst
4522 1088 52 28 per
4599 1077 80 39 regel
4695 1089 17 18 a
4728 1077 39 28 15
4778 1083 90 22 cents.

3464 1122 162 32 Reklamés
3637 1123 35 31 Of
3676 1123 67 30 aard
3752 1123 156 40 «jvelingen
3922 1123 145 39 (beneden
4078 1123 51 30 het
4141 1123 244 32 Binnenlandsch
4401 1124 139 38 Nieuws)
4551 1136 53 27 por
4615 1124 78 39 regel
4704 1124 66 31 aöO
4780 1129 89 24 cents.

3465 1169 112 32 Groote
3602 1169 99 32 letters
3725 1170 118 31 worden
3872 1168 146 33 berekend
4042 1181 71 20 naar
4135 1169 48 32 het
4207 1169 98 32 aantal
4326 1181 118 30 gewone
4466 1170 112 41 regels,
4600 1172 52 30 dat
4674 1172 38 39 zij
4731 1170 132 30 beslaan.

169 1278 151 86 Het
371 1278 201 86 jaar
622 1278 252 86 1869.

169 1436 67 39 fcdi.'
259 1452 26 24 hl
317 1421 80 52 ,S,;loo
399 1433 47 26 Pen
467 1428 59 35 Jaar
543 1435 80 26 ondel-
640 1428 217 40 Onheilspellende
878 1436 138 25 tecken-ni.

170 1487 31 27 Ta
226 1488 87 27 Tnrir
412 1468 33 31 **
542 1474 102 26 Iladdt'u
661 1468 104 39 «e^e».
784 1474 40 27 die
842 1474 31 27 de
891 1474 125 33 spanning

183 1527 22 24 tt
222 1527 30 24 h>
273 1530 7 8 •
412 1506 176 31 UriL''ceilland
613 1512 103 25 hielden
732 1520 63 17 voor
811 1513 46 24 het
875 1513 72 27 eind,
967 1513 48 26 niét

242 1537 56 28 egio
308 1545 47 18 vnn
367 1548 45 18 en
425 1543 198 35 djr^atieken
633 1550 142 25 veldtocht.
798 1551 53 25 Het
862 1559 52 17 was
922 1550 93 26 slechts

431 1579 157 33 ifhekkendê
602 1586 52 32 bui,
665 1587 40 25 die
715 1587 119 26 wellicht
855 1585 161 34 eenigentijd

172 1629 35 21 :,
231 1612 41 25 *d
291 1622 80 22 «oven
389 1619 103 32 Europa
508 1623 39 25 loa
563 1625 26 22 to
609 1624 119 31 barsten,
746 1633 73 18 maar
842 1625 174 34 hoegenaamd

196 1651 4 15 '
213 1651 43 22 '"U
281 1651 73 31 baren
381 1657 67 31 kon,
465 1659 94 26 zoodra
585 1662 126 32 gebleken
729 1668 69 25 was,
816 1663 46 26 dat
887 1670 63 26 geen
973 1664 43 24 dof

187 1689 193 33 toogen«ilteden
397 1695 143 31 bijsondere
559 1696 106 37 neiging
683 1698 135 33 betoonde,
836 1709 41 18 om
895 1698 27 28 In
933 1702 31 25 de
973 1707 43 28 ge»

270 1727 143 38 adigheden
431 1730 46 27 het
494 1735 146 26 oostersehe
659 1739 143 32 vraagstuk
819 1747 32 24 op
868 1739 85 28 nieuw
970 1747 46 17 aan

259 1770 2 15 1
281 1774 24 19 n.
335 1769 56 25 Liet
407 1778 57 17 wen
477 1772 27 22 de
516 1772 72 26 beide
596 1774 200 33 tegenstander»
804 1774 91 34 geheel
905 1782 48 19 aan
963 1774 53 27 zich

294 1807 79 33 gelijk
398 1807 129 33 blijkbaar
553 1809 30 26 de
612 1809 137 35 bedoeling
765 1818 67 22 Was,
850 1813 58 24 dan*
920 1820 51 17 was
987 1813 28 21 de

262 1845 136 30 Makkelijk
418 1846 25 22 te
463 1846 167 32 voorspellen.
665 1848 38 24 I>e
724 1845 111 27 zwakste
852 1847 81 24 moest
952 1846 64 25 buk*

265 1890 12 13 'i
296 1880 109 27 sterkste
424 1890 30 15 en
471 1887 34 18 na
524 1881 89 34 eenige
631 1880 234 39 tegenstribbelittg
881 1880 73 38 legde
966 1881 50 30 dan

253 1911 111 40 moedige
374 1918 175 30 Griekenland
559 1918 107 39 gedwee
677 1919 48 31 liet
732 1920 79 31 hoofd
820 1922 28 30 iv
859 1924 48 27 den
920 1924 96 32 schoot.

167 1959 26 21 m
210 1963 22 15 ui
253 1957 28 24 de
300 1958 80 25 eerste
399 1957 83 35 dagen
508 1969 48 20 van
575 1963 109 27 Januari
703 1971 105 20 vernam
829 1975 74 22 men,
921 1967 45 26 dat
986 1975 30 26 op

165 1990 22 24 el
207 2000 48 18 van
274 1994 106 28 Pruisen
399 2004 52 19 was
468 1997 117 31 besloten
601 2003 43 26 tot
660 2011 60 18 eene
735 2003 159 28 konferentie
908 2003 107 31 teïBake

164 2031 32 20 wt
221 2031 257 31 grieksch-turksche
507 2041 106 32 geschil.
647 2042 103 35 Ttu-kije
769 2043 80 28 stelde
868 2042 148 39 vervolgens

164 2069 86 26 Hand
268 2079 45 17 een
333 2072 163 35 ultimatum,
515 2080 79 27 welks
612 2080 102 30 eischen
731 2082 63 28 door
810 2085 32 26 de
859 2085 141 34 mogendhe-

270 2108 72 34 dslag
360 2111 45 27 der
420 2113 253 41 onderhandelingen
692 2121 102 28 werden
814 2124 100 34 gelegd.
941 2125 63 26 (ïrie-

268 2156 20 15 'ii
309 2150 53 26 met
385 2151 56 26 zich
468 2161 48 18 aan
542 2157 31 26 de
598 2160 172 27 samenkomst
796 2163 26 26 te
848 2159 168 35 onttrekken,

177 2186 44 22 »en
241 2186 180 30 desniettemin
438 2190 31 25 de
482 2191 158 32 konferentie
658 2198 63 27 hare
738 2198 128 35 zittingen
875 2203 141 25 voortzette

259 2226 92 26 oeeliut
367 2228 99 33 kwam,
484 2230 90 30 diende
595 2235 47 27 het
660 2238 208 34 oorlogsgezinde
885 2242 131 31 grieksche

253 2270 32 22 'in
302 2264 103 35 ontslag
424 2276 27 17 m
470 2277 32 18 en
520 2270 83 28 kwam
621 2275 103 34 Europa
745 2278 84 26 weder
848 2278 40 26 tot
907 2281 63 25 rust.

163 2303 47 41 pts
242 2309 61 20 voor
330 2304 92 28 korten
449 2308 47 32 tijd
523 2311 96 33 echter,
645 2316 71 26 want
741 2317 89 33 eenige
848 2319 83 34 dagen
951 2319 65 27 later

285 2343 252 38 onderhandelingen
554 2352 122 28 tusschen
692 2363 60 18 eene
770 2355 118 30 fransche
907 2366 31 19 en
958 2367 58 17 eene

244 2387 318 35 spoorwegmaatschappij
588 2393 126 27 wederom
731 2394 54 26 vele
804 2398 169 32 gemoederen
992 2398 24 26 in

262 2427 31 19 an
312 2420 47 27 den
377 2431 119 27 aanvang
511 2434 51 19 van
580 2430 125 28 Februari
723 2433 33 32 af,
774 2434 43 25 tot
831 2433 27 27 in
876 2435 31 26 de
925 2437 91 25 maand

158 2459 47 25 pc,
226 2459 48 22 kon
292 2466 58 19 me„
366 2470 27 17 m
412 2471 45 19 een
476 2466 87 27 aantal
582 2467 94 31 bladen
694 2472 200 35 onophoudelijk
912 2473 90 30 berich-

158 2498 12 15 »
189 2498 124 26 opstellen
331 2498 79 33 leren,
429 2499 156 34 beseffende
602 2507 89 27 zekere
709 2511 220 35 geheimzinnige,
946 2518 70 22 maar

254 2537 110 33 lardiger
389 2539 170 37 bedoelingen
583 2545 46 26 der
653 2548 118 28 fransche
797 2552 150 33 regceriug,
973 2554 43 26 ten

157 2576 34 37 pc
211 2578 48 18 van
278 2576 96 33 Belgiê\
392 2577 46 26 Die
461 2581 89 27 echter
568 2583 56 27 niet
640 2588 177 34 onmiddellijk
836 2590 61 27 door
915 2591 25 26 al
958 2593 58 26 deze

157 2614 38 18 vei
201 2614 159 33 schimmen
385 2623 24 20 2l
411 2617 31 25 ch
458 2627 51 18 van
526 2621 54 27 hun
598 2624 60 26 stuk
674 2626 80 28 lieten
772 2628 115 37 brengen
899 2639 53 19 .en
973 2640 43 18 eoo

324 2656 177 33 imspem-dcn,
528 2662 52 25 wat
604 2663 63 26 toch
691 2667 47 26 wel
764 2675 48 19 van
836 2668 58 27 deze
914 2670 102 32 geheele

157 2692 35 22 Pn
195 2707 15 11 0
236 2692 31 22 fa
296 2693 146 27 weïenliike
463 2695 146 31 beteekenis
627 2702 51 26 kon
694 2705 58 33 zijn,
767 2707 167 26 venuochten
944 2709 72 26 nooit

157 2730 76 24 aaera
249 2730 26 24 te
294 2732 164 32 ontdekken,
477 2735 51 26 dan
543 2739 46 25 het
608 2740 27 26 in
653 2743 86 26 hunne
757 2753 83 25 oogen
849 2746 116 33 tamelijk
974 2758 41 17 on-

157 2767 41 25 K.
211 2767 59 28 plan
298 2767 44 26 der
370 2767 118 31 fransche
517 2778 433 40 ooster-spoorwegmaatschappij,
970 2794 46 24 om,

157 2803 41 27 t*t
224 2807 154 27 overnemen
403 2817 51 19 van
478 2819 46 19 een
542 2823 65 26 paar
633 2818 131 34 belgische
790 2825 213 32 spoorweglijnen

267 2844 47 35 lijn
341 2854 45 18 zoo
418 2857 76 18 nauw
527 2857 123 32 mogelijk
673 2857 27 27 in
725 2861 116 27 verband
862 2864 25 25 te
906 2852 110 46 brengen

253 2882 76 32 fische
347 2891 32 19 en
398 2887 202 33 nederlandsche
620 2896 138 27 zeehavens
777 2908 32 18 en
826 2901 145 30 zoodoende
986 2919 30 5 -

156 2908 60 48 pUk
226 2921 56 22 niet
291 2922 38 24 mt
339 2929 99 20 zuivere
464 2929 230 37 mensehenliel'de,
713 2939 109 25 maai-te
833 2940 74 32 eigen
917 2942 99 26 bate-

156 2955 47 27 Kei
209 2959 133 28 nationaal
361 2963 109 27 verkeer
485 2966 28 28 te
533 2968 167 27 bevorderen.

209 3005 157 26 nderlingsto
380 3005 45 24 der
435 3005 105 33 geheele
549 3012 177 30 geschiedenis
737 3024 85 19 waren
834 3026 51 18 van
894 3019 124 27 ofiicieele

157 3035 223 30 <>•-aanhoudende
394 3045 209 34 verzekeringen,
620 3051 46 26 dat
683 3053 183 37 staatkundige
874 3057 144 35 beweegre-

216 3089 39 46 Sde
272 3116 50 19 van
339 3078 137 57 PrLvriv
476 3084 27 24 et
523 3086 54 30 SpCl
596 3096 86 20 Waren
693 3110 5 11 '
716 3093 67 24 noch
803 3094 32 33 **
855 3090 46 34 **
919 3071 99 53 ««^od

201 3118 20 44 ,''
256 3117 34 45 ,!«
339 3112 151 37 Flanir'Jk,
509 3123 66 24 noch
594 3124 33 31 bij
646 3128 31 24 de
696 3129 133 25 bezwaren
849 3132 63 22 door
928 3132 90 25 Betóë

249 3150 90 25 Alleen
377 3156 197 32 overwegingen
605 3167 48 19 van
681 3163 337 38 volkshuishoudkundigen

216 3188 90 31 akten,
324 3195 64 19 naar
405 3196 59 22 men
481 3191 139 38 beweerde,
647 3198 40 27 die
712 3202 156 28 voorstellen
885 3206 54 27 niet
959 3216 45 18 aan-

229 3228 65 25 doen
311 3228 25 25 al
353 3228 110 35 hetgeen
477 3241 51 20 van
537 3236 59 28 dien
605 3240 63 26 aard
677 3240 26 27 te
712 3240 77 30 berde
801 3244 69 26 werd
878 3247 130 32 gebracht

178 3279 19 4 -
216 3267 46 25 liet
287 3275 59 18 men
371 3272 63 26 .met
459 3274 56 27 met
540 3285 47 19 een
602 3276 93 39 kluitje
712 3282 57 27 zich
785 3282 27 27 in
829 3285 46 27 het
892 3286 51 28 riet
959 3289 45 27 stn-

213 3315 19 18 'o
242 3315 99 28 weinig
361 3309 200 35 proeflioudenJ.
579 3319 26 27 te
622 3321 58 33 zijn,
698 3322 46 28 dat
763 3332 59 20 men
841 3326 48 28 wel
907 3331 96 32 genood-

216 3364 11 28 >
227 3364 11 28 :
256 3357 64 19 naar
339 3352 100 32 andere,
458 3363 64 20 naar
542 3360 183 37 staatkundige
744 3366 111 27 redenen
872 3370 27 25 te
917 3371 94 26 zoeken

223 3397 48 25 ngn
300 3391 103 28 werden
419 3402 28 19 er
464 3403 50 20 aan
531 3397 31 27 de
583 3399 70 28 hand
670 3403 117 34 gedaan,
803 3413 73 20 maar
892 3416 63 20 voor
971 3410 47 26 wie

248 3429 78 32 keper
353 3431 97 34 bezag,
476 3433 59 28 bU
940 3462 4 7 ,
956 3450 53 24 him
1009 3465 9 4 .

224 3477 4 9 '
263 3468 45 26 dat
345 3477 58 19 men
428 3474 46 25 ten
500 3475 81 28 slotte
607 3478 69 28 niets
702 3483 149 32 overhield,
879 3484 50 25 dan
957 3494 61 18 eene

227 3508 204 28 ngemotiveerde
448 3520 71 20 vrees
535 3514 46 27 der
588 3516 131 37 belgische
738 3522 136 32 regeering
886 3530 63 17 voor
965 3531 35 15 mo-

223 3547 137 26 imiender
379 3547 118 30 fransche
517 3556 143 35 regeering.
694 3560 54 25 Dat
765 3560 130 32 degenen,
920 3560 40 24 die
977 3560 41 25 tot

224 3586 120 32 rstelling
361 3586 126 32 kwamen,
504 3592 56 26 niet
576 3595 91 31 geheel
679 3599 123 24 verkeerd
811 3598 102 27 hadden
921 3598 97 32 gezien,

233 3630 9 15 r
262 3624 39 24 mt
320 3624 89 27 zekere
428 3626 111 34 depêche
557 3639 50 20 van
625 3634 50 27 den
693 3635 233 35 veelschrijvenden
945 3635 73 32 graaf

222 3661 15 22 t.
273 3661 53 25 Dat
353 3664 30 25 de
410 3671 72 21 vrees
508 3673 149 31 ongegrond
673 3677 71 25 moet
763 3677 105 25 worden
886 3674 131 35 genoemd,

227 3700 87 26 ilechts
333 3702 52 26 hun
402 3704 139 35 gevoelen,
557 3716 73 20 maar
648 3710 129 37 blijkbaar
794 3715 48 26 ook
852 3713 46 26 dat
917 3715 45 25 der
974 3723 30 17 en-

233 3746 100 41 tering
343 3762 5 6 .
369 3742 39 26 die
430 3751 47 18 aan
497 3745 31 27 de
546 3751 126 34 spanning
690 3762 47 18 een
754 3755 60 26 eind
833 3755 112 31 maakte,
954 3754 63 27 door

243 3777 210 37 toegefelijkheid
471 3783 25 25 te
516 3784 129 37 bewegen.

256 3827 77 24 «pour
351 3827 48 25 peu
418 3823 30 24 de
464 3824 122 33 besogne'
606 3837 99 27 genoeg
840 3839 67 26 gewe

379 3866 78 26 ïngen
476 3860 118 33 kwamen
607 3868 100 30 telkens
717 3870 27 28 in
752 3868 103 37 onüöop
863 3873 30 25 cii

383 3899 99 26 'iTheid
500 3905 105 27 worden
621 3911 158 34 wederlegd;
797 3912 61 26 Fran-

528 3945 31 25 «Ie
575 3945 78 34 hanil,
664 3958 41 18 om
717 3951 33 25 de
757 3951 80 33 goede
847 3950 53 33 burj

637 3997 2 9 1
665 3989 24 27 te
705 3989 91 28 maken
807 3998 25 18 er
850 3997 11 19 p
874 3990 11 26 ii

733 4038 4 4 ■
751 4036 18 18 w
791 4039 2 9 i

761 4069 15 24 I'

749 4108 4 12 1
830 4114 8 19 Z
870 4114 4 7 '

242 4163 45 28 het
307 4166 112 35 publiek,
437 4175 26 17 li.

237 4201 138 37 dergelijke
385 4206 200 32 angstwekkend
945 4228 58 25 rocg
1007 4241 5 4 .

229 4244 194 33 vraagstukken
443 4251 48 20 van
511 4248 131 35 algemeen
938 4259 80 26 deden

214 4284 31 26 op
261 4289 50 20 van
327 4284 46 25 het
389 4290 69 26 jaar
472 4286 57 27 Zixh
546 4290 81 27 nietvi
925 4310 2 13 ,
930 4298 64 27 nder
993 4298 25 33 d,

145 4316 14 39 [
174 4316 15 25 'J
208 4316 66 30 later
293 4319 170 30 behandelen.

221 4354 60 30 tand
300 4362 45 25 der
360 4361 136 27 Bocharen
511 4364 70 33 toch,
599 4369 61 28 ofscl
868 4375 27 26 in
905 4376 113 27 verband

214 4395 50 25 Wet
292 4397 213 37 verschijnselen,
530 4403 40 26 die
589 4406 66 28 doen
672 4409 28 27 %±
835 4421 20 19 [e
856 4414 7 26 i
887 4415 131 25 oostersch

145 4459 46 26 'te
204 4431 84 60 \„7
366 4480 11 12 ,
379 4446 20 15 13
419 4440 124 39 m-hst'
561 4444 26 25 al
604 4449 71 25 werd
692 4452 45 24 h,t
754 4462 24 15 "'
802 4453 37 33 ien
848 4462 120 26 aanvang
976 4454 43 27 des

242 4470 43 31 .Ide
304 4474 150 33 geschoven,
470 4483 22 18 is
509 4485 60 21 eene
587 4485 72 33 zaak,
676 4487 41 27 die
730 4489 79 27 thans
817 4492 84 26 alleen
911 4493 107 25 Oosten-

145 4534 21 34 P
194 4544 24 20 *
233 4541 12 22 t
260 4518 99 51 lT:i
371 4513 66 56 lT
439 4521 28 47 Si
475 4522 57 46 CZ
537 4519 59 27 ChlA
613 4531 59 20 ntm
692 4535 32 17 «I
735 4528 46 25 het
789 4531 111 26 verschil
912 4539 50 18 van
971 4531 47 27 den

221 4545 128 63 datSi,
501 4556 72 28 *tC
589 4566 94 27 geenCT
700 4565 48 34 t!Jd
765 4569 126 34 zoodaniS
907 4566 111 37 &M

216 4584 46 57 £•*
272 4584 45 28 het
326 4587 38 27 als
373 4597 61 19 eene
445 4598 168 30 europeesche
625 4604 219 34 aangelegenheid
853 4607 51 26 kon
914 4610 104 26 worden

149 4652 15 15 '"
184 4656 87 27 I''sten
291 4635 123 50 «TT
465 4641 4 6 '
495 4639 40 45 r
535 4635 87 31 Chters
646 4648 87 21 Waren
758 4643 28 27 in
810 4646 47 25 h«t
874 4648 98 26 Oosten
987 4656 31 25 op

229 4702 44 19 zoo
294 4702 53 24 v,e
365 4706 8 15 i
400 4670 106 56 rWd
523 4676 56 25 WCt
595 4677 92 30 andeM
705 4681 51 27 da!l
772 4689 102 33 «*F*>
894 4687 45 26 d»fc
956 4662 63 52 «^

220 4733 19 25 ü-
265 4702 80 59 huf.
356 4742 34 19 'f
399 4706 25 56 l
468 4717 72 44 'T
600 4716 39 26 aU
647 4719 25 25 d
673 4719 18 25 0
692 4721 156 37 bonding
860 4733 48 17 van
918 4727 100 33 Egypte

143 4734 46 69 fc
206 4779 14 17 a
248 4782 22 17 w
326 4788 7 14 ,
352 4744 39 58 tet
396 4785 13 18 f
407 4744 50 58 b7
459 4754 31 18 Cn
506 4748 46 27 het
568 4753 80 28 hOOM
666 4760 110 30 gloeide.

145 4779 247 61 •'^'nieersivn
405 4792 34 48 gr
482 4793 50 25 PCn
543 4795 60 28 JMf
621 4795 56 25 niet
687 4796 130 34 biJzonder
826 4801 145 35 belangrijk
980 4804 38 26 uit

146 4813 213 67 FXanSS
376 4859 15 21 d
441 4830 139 51 g/°gP^
581 4831 13 26 t
594 4851 6 13 '
619 4831 46 28 het
681 4837 40 26 zal
736 4838 282 39 gedenkwaartigblU-

159 4877 17 27 d
176 4889 57 24 «er
248 4860 52 56 d?,
314 4858 45 64 nl
360 4905 9 17 s
530 4869 175 31 redelieVende
724 4877 197 40 omwenfehng,
935 4881 83 28 welke

148 4894 93 64 kng
242 4936 8 18 s
250 4899 194 59 rl-oüend!f
495 4942 17 17 v
510 4911 32 19 eD
553 4916 6 21 5
576 4916 63 20 Vool'
654 4911 31 27 de
694 4912 149 31 katholi^
853 4918 93 28 w«eld
957 4920 61 27 door

437 4987 14 12 o
529 4964 7 12 '
559 4984 5 5 •
572 4955 45 44 T'
626 4949 31 26 de
669 4952 105 32 geheele
783 4958 164 26 ™nschheid
957 4959 61 28 door

145 4989 111 39 M«!«ms
273 4981 70 56 kent.
477 4988 6 6 '
498 4985 181 35 gewichtiSst«
697 4993 223 38 ondernemingen,
939 4998 40 26 die
989 5000 30 26 do

144 5035 326 79 '«-'n?'ï;titi;::tidf
581 5061 50 27 kcn
647 5066 41 34 wij
705 5067 26 25 in
750 5078 45 18 °en
813 5076 64 28 **«
894 5073 124 39 *•***>

146 5144 90 31 '-Vork
254 5159 280 34 naai-San-Francisco.
820 5154 133 30 BpoorweS

148 5268 35 22 *n
200 5239 48 65 iA
267 5283 32 21 on
318 5278 15 22 b
352 5254 118 51 t'.T'i
516 5257 52 47 en,
568 5258 46 19 Z°U
694 5254 135 37 Vo,slagm

148 5276 54 67 P»
229 5284 119 59 velden
366 5291 32 52 /
399 5284 59 54 eblt
459 5285 76 31 ddel'
863 5310 41 19 om
921 5304 52 27 niet
992 5306 26 28 fee

148 5347 7 19 1
171 5320 84 57 «lC
269 5314 195 72 &n*
465 5327 83 47 %a,-
555 5333 103 28 mTloea
674 5335 31 34 *ö
724 5337 177 35 ree*^nnen
909 5346 109 35 weinige

146 5357 304 67 hWegS^*
476 5373 33 39 S
510 5374 77 31 B™*
612 5380 50 20 v™
679 5375 45 27 het
750 5379 172 31 Suez-kanaal
940 5392 32 27 op
989 5386 30 25 de

148 5406 69 58 K
233 5412 44 50 op°
292 5401 79 60 I^
372 5445 9 18 e
385 5400 26 56 i
412 5411 6 17 e
416 5450 13 14 o
431 5404 21 60 i
454 5404 125 60 riddellr
580 5412 77 27 dSChe
674 5424 59 22 Ze°'
750 5418 40 26 die
808 5421 115 27 ™d™
941 5425 58 26 Urn-

150 5446 66 39 e
234 5460 58 33 «il*
324 5450 250 54 gewichri'eT/v
576 5458 20 46 11,
612 5453 87 27 StmCn
719 5456 109 28 °Ceaan'
854 5458 40 28 En
909 5437 109 61 het^r

308 5480 123 56 kfZia»
445 5489 18 26 g
509 5485 103 31 Chakt'ls
780 5497 30 26 de
828 5497 77 27 keten
915 5509 51 19 van
974 5503 44 25 het

143 5542 37 9 -
286 5526 5 9 '
419 5544 4 5 '
445 5526 47 19 een
707 5533 59 33 jaar
776 5536 103 26 worden
887 5541 131 31 genoemd.

298 5602 476 70 BUITENLAND.

291 5696 481 64 Groot-Brittannie.

189 5765 262 30 ministerie-Gladste
502 5780 15 14 «,
625 5767 2 2 ■
669 5765 125 11 ttt**»

136 5783 32 22 en
184 5792 48 21 aan
249 5789 65 35 hen,
332 5794 40 27 die
383 5797 30 26 de
425 5783 123 47 2J!*
550 5784 22 25 ft
589 5789 144 35 geweigerd
750 5794 148 27 materieele
914 5796 63 32 hulp
994 5799 26 24 te

156 5819 64 30 geen
244 5825 70 26 werk
338 5828 103 32 kunnen
816 5833 33 18 en
859 5828 161 33 werklieden,

136 5850 118 27 •minster
272 5863 61 20 voor
343 5861 129 30 fmantófe
488 5852 86 43 fe??
593 5850 162 31 bevorderen.
788 5857 39 25 De
843 5858 69 26 Heer
928 5861 76 26 Lowe
1015 5881 5 9 ,

142 5880 56 25 veel
213 5881 91 34 begint
319 5890 27 25 te
363 5890 128 35 bemoeien
509 5881 102 45 Ji\?
628 5884 136 33 bevreesd.,
783 5888 45 26 dat
846 5890 31 26 de
885 5893 70 25 staat
964 5893 56 26 zich

135 5911 72 46 L.,1
224 5920 17 38 I
242 5921 45 19 oor
304 5920 57 27 zich
461 5911 102 46 feL^f
582 5913 40 26 dlt'
619 5948 12 9 i
640 5917 79 40 za*«?
731 5939 5 8 -
754 5921 79 25 welke
852 5922 45 26 het
917 5924 104 31 publiek

133 5939 104 52 Jenhet
250 5952 151 30 wegzenden
415 5940 162 51 vankrai°r
578 5952 25 22 n-
620 5948 92 34 *«»ï
729 5952 35 32 hij
782 5959 31 19 en
830 5954 64 31 zijne
904 5955 103 32 anibtge-

133 5970 100 32 tarende
260 5987 46 19 een
331 5985 142 35 tiidelijktu
496 5976 94 46 l-w'^
592 5985 22 33 0!
621 5981 103 34 *•*■*•
733 5982 106 34 hogers
850 5985 39 26 uit
898 5986 45 26 het
952 5987 66 31 land,

132 6004 85 50 felijk
233 6011 102 30 achten.
350 6011 70 33 Eene
436 6004 57 41 kL
495 6038 15 15 n
508 6004 72 50 *w'
581 6017 21 37 n,
601 6011 15 25 d
632 6020 27 17 ln
677 6014 31 25 de
725 6015 157 32 nijverheid,
899 6027 58 17 zeer
974 6020 31 24 b,-

202 6047 2 17 -i
224 6041 93 38 hertog
333 6056 50 20 van
400 6051 155 33 MancW,
595 6040 71 44 hee?
683 6045 54 26 zioh
751 6054 34 17 nu
794 6050 89 25 echter
891 6051 129 32 gevormd,

145 6070 46 22 van
207 6074 155 32 werklieden
377 6083 26 26 te
419 6074 152 41 bevord„rl
578 6078 40 21 aa,
618 6076 71 40 r.het
705 6077 85 30 hoofll'
808 6087 40 18 om
912 6083 109 32 emigra-

176 6105 148 30 Rmigrants
347 6115 48 25 and
418 6116 167 31 Colonirf.i
595 6135 5 6 •
611 6105 44 41 ,D£
656 6115 26 19 ze
699 6110 145 26 kommissie
861 6116 87 24 noemt
964 6115 57 26 zich

119 6145 15 26 k
150 6131 37 48 l*
187 6141 177 40 .,J?'?fPektus
389 6146 106 34 bepalen
520 6161 31 20 7K
569 6135 50 26 Ald
637 6138 169 34 Corporation
989 6155 32 18 en

120 6175 39 28 elk
185 6168 50 45 a^
236 6170 45 24 m
285 6174 25 32 \'
322 6174 27 25 iv
367 6180 139 33 aamieelen
522 6169 48 44 vl,
592 6167 52 46 H
663 6171 44 26 het
725 6174 50 39 kaP
775 6174 66 26 itaal
857 6175 106 28 hestaan
981 6180 38 25 zal

123 6207 26 39 S*
174 6207 110 39 dWaVl;f
285 6229 9 17 t
286 6208 66 20 leUw
346 6235 8 11 f
356 6214 13 32 ?
396 6198 182 47 niaatsXmrii
591 6200 59 41 *£
684 6204 64 35 Het.
756 6204 124 33 beginsel,
899 6217 46 17 van
963 6211 57 24 het-

125 6234 61 34 Jctus
194 6226 113 50 7^'Jk-.
420 6241 57 30 doel
494 6229 83 46 onlT,:'
604 6233 74 43 ultP
679 6236 35 28 at-
739 6243 21 19 •»
788 6237 89 26 echter
894 6241 126 26 volstrekt

126 6269 112 32 rhuizer,,
243 6262 21 18 18
281 6265 56 24 "'et
354 6269 81 28 alleen
455 6282 39 21 otn
513 6283 46 24 a™
585 6265 209 43 '^schappij,"
810 6270 60 32 zegt
886 6270 46 27 het
950 6281 57 22 pros-

128 6301 107 32 ronisten
244 6311 33 27 Hn
294 6319 15 12 u
321 6294 87 33 hunne
578 6298 31 19 ov
611 6298 102 26 °rtocht
730 6294 26 30 te
777 6300 102 27 betalen
891 6311 47 18 van
947 6306 58 24 land-

125 6340 71 34 den.
222 6337 54 30 Met
654 6328 66 27 dooh
737 6331 50 26 ook
810 6340 41 18 om
874 6333 30 27 d«
922 6337 98 27 nieuwe

124 6373 128 28 fchsen,
278 6373 77 28 hete
363 6360 46 41 AT
410 6365 9 24 I
444 6370 39 25 zal
497 6383 58 19 men
573 6360 31 40 1
632 6367 47 34 een,
680 6370 13 15 e
722 6363 60 26 oedu
793 6366 138 32 ontvangst
941 6369 25 24 te
976 6369 31 25 be-

120 6383 320 52 l^orwaardL4ool'
465 6390 171 45 aankoo,?°?
638 6398 18 17 n
673 6392 146 27 k°neessiën
837 6404 47 18 van
908 6398 61 25 land
993 6402 26 21 te

252 6451 5 17 i
289 6423 110 45 kS«V
415 6428 38 25 als
469 6431 44 31 het
530 6426 80 41 dei-e?
614 6420 12 25 f
640 6429 32 39 ?
689 6432 17 35 ?
705 6424 79 39 ndeTe
802 6428 86 32 wÜze,
905 6429 65 27 «locb
989 6439 32 24 op

122 6444 33 58 Is
172 6452 35 50 afn
214 6478 12 24 t
228 6461 21 41 ;
252 6450 12 20 o
257 6487 11 15 s
269 6476 41 26 taa
313 6483 18 19 n
389 6451 44 30 te»
461 6461 38 26 dit
521 6470 25 26 la
548 6476 33 24 nd
589 6455 57 47 T*
648 6455 14 47 \
664 6456 116 46 sf&H
790 6459 120 34 m°gelP
930 6462 91 31 maken

115 6482 44 19 me
171 6482 30 20 ar
214 6482 27 25 te
256 6482 80 24 Staan.
533 6482 48 18 <tnu
605 6482 129 31 kosteloos
749 6489 31 25 of
793 6497 61 18 voor
862 6500 47 18 een
918 6494 103 26 kleinen

198 6513 20 26 Ie
236 6521 76 25 wijze,
331 6516 102 33 waarop

120 6543 148 50 S-T,^*
283 6547 19 46 (
304 6556 12 19 8
331 6553 58 40 maf
390 6554 51 22 nea
461 6563 47 21 van
527 6541 137 52 zak^^?,
680 6549 340 34 hesprokenwordt/makcu

122 6576 26 40 j*
170 6576 132 32 praktisch
319 6579 100 32 vmden.
576 6578 30 17 tn
609 6591 6 11 >
631 6578 39 26 dit
685 6580 132 37 ftlantropi
826 6586 59 25 sche
898 6587 59 30 plan
966 6589 54 27 niet

122 6607 111 48 mit-*
233 6618 13 17 1
270 6613 70 37 J?hn
365 6617 90 28 Stuart
474 6620 57 31 Mdl
552 6630 70 26 heeft
643 6640 5 5 -

119 6637 139 51 SsriÏÏ.M
272 6651 63 25 Z'Jno
359 6652 118 35 meening
501 6657 26 26 te
684 6650 45 20 C<?n
748 6646 67 25 brief
831 6654 46 19 ***
960 6659 60 17 Reer

298 6683 141 34 TraagstuJj
459 6683 47 31 der
531 6666 105 52 cE
637 6677 25 33 n,
676 6679 112 26 gegeven
808 6681 149 30 aangaande
976 6683 45 24 het

363 6718 13 4 -
406 6699 32 17 **
462 6699 45 19 uu
533 6699 154 33 vtoneesche
709 6709 142 32 emigratie.
885 6710 41 34 Hij
945 6712 76 26 toont

1055 1306 56 24 aan,
1129 1299 47 25 hoe
1206 1298 38 26 dit
1270 1297 137 34 vraagêtÜ'ï
1435 1292 53 32 niet
1511 1306 45 18 zoo
1573 1293 143 38 eenvoudig
1742 1293 20 28 is
1788 1292 39 30 als
1845 1292 138 35 sommigen

1154 1341 2 5 ■
1185 1331 65 26 doch
1267 1331 45 26 dat
1332 1330 45 27 het
1396 1332 63 25 twee
1478 1339 56 18 zeer
1541 1331 142 33 moei,dijke
1701 1330 124 26 kwestiën
1841 1337 50 17 van
1905 1330 66 25 staat-

1054 1364 112 35 kundige
1182 1364 143 26 moraliteit
1342 1364 98 33 oppert;
1457 1365 44 25 t„n
1520 1364 90 30 eerste,
1630 1364 51 25 wat
1698 1362 45 28 het
1760 1362 73 26 recht
1850 1363 21 25 is
1889 1370 50 17 van
1956 1361 28 25 de

1056 1397 80 26 eerste
1152 1396 132 26 bewoners
1299 1403 51 19 van
1367 1404 45 18 een
1428 1396 61 26 land
1507 1404 40 18 om
1563 1396 98 26 nieuwe
1677 1395 145 26 kolonisten
1843 1396 26 22 te
1887 1402 97 22 weren;

1056 1439 31 17 en
1110 1431 45 24 ten
1176 1422 112 39 tweede,
1316 1429 79 27 welke
1416 1429 28 26 de
1463 1429 103 32 wettige
1585 1427 229 35 maatregelenzijn

1056 1461 138 26 beschaafd
1219 1469 30 18 en
1266 1461 158 26 ontwikkeld
1443 1461 60 26 volk
1524 1468 59 27 mag
1599 1461 156 26 aanwenden
1773 1468 40 18 om
1833 1461 31 25 de
1880 1460 92 26 schade-

1056 1494 59 32 lijke
1135 1493 209 34 aanmatigingen
1361 1500 50 20 van
1427 1501 45 19 een
1489 1492 60 28 Volk
1566 1494 26 26 in
1611 1501 45 19 een
1674 1494 97 31 hooger
1787 1494 70 25 staat
1873 1500 48 18 van
1939 1489 31 28 be-

1057 1526 122 39 schaving
1204 1527 25 22 1,-
1261 1530 92 21 Vferen.
1394 1526 157 33 Aangaande
1576 1527 30 26 de
1629 1527 81 26 eerste
1726 1525 107 27 kwestie
1848 1525 91 26 erkent
1957 1522 30 28 «ie

1057 1565 59 21 neer
1136 1556 60 34 Mul,
1218 1554 39 31 dal
1281 1553 83 32 indien
1387 1553 30 32 de
1434 1553 155 33 Cnineesche
1606 1566 28 19 en
1651 1576 1 2 ■
1794 1566 11 18 o
1824 1559 89 30 groote
1931 1553 43 30 uit-

1057 1585 126 39 breiding,
1189 1590 142 34 verkrijgt,
1356 1591 31 33 Zij
1397 1609 6 13 ,
1430 1599 47 17 «an
1496 1599 44 19 een
1558 1593 18 22 si
1584 1593 38 22 cal
1630 1591 226 35 huishoudkundig
1874 1591 113 31 oogpunt

1056 1622 169 31 beschouwd,
1251 1619 119 37 nadeelig
1394 1625 69 24 moet
1485 1624 48 30 zijn
1552 1631 61 19 voor
1631 1624 30 25 de
1677 1623 208 33 tegenwoordige
1903 1623 71 22 bevol-

1055 1651 64 34 king
1129 1674 5 9 ,
1160 1654 63 28 dööt
1248 1654 30 25 de
1304 1652 91 27 loonen
1416 1657 25 22 te
1460 1657 136 30 verlagen,
1622 1664 31 15 en
1670 1656 50 24 hen
1737 1654 41 26 tot
1794 1664 46 15 een
1858 1652 130 38 minderen

1391 1683 56 35 iïijn
1463 1690 31 19 eU
1520 1688 102 30 confort
1638 1685 110 32 brengt;
1774 1694 31 15 en
1822 1685 61 28 dat.,
1902 1683 86 26 indien

1057 1716 46 25 het
1126 1716 76 26 *ekeï
1227 1722 52 19 Was
1304 1717 46 24 dat
1374 1719 26 24 in
1426 1717 76 25 dezen
1520 1717 119 25 toestand
1657 1726 64 22 geen
1747 1716 171 33 verandering
1942 1719 46 24 ZOÜ

1057 1744 106 30 komen,
1189 1748 45 24 het
1254 1748 31 22 de
1307 1748 98 31 wering
1430 1748 45 24 der
1500 1748 142 26 Chineezen
1663 1748 122 30 wettigen
1809 1748 87 25 zoude.
1931 1748 57 25 Aan

1057 1779 32 24 de
1104 1776 93 25 andere
1215 1776 64 31 zijde
1294 1779 92 28 vraagt
1403 1778 34 31 hij
1456 1779 30 22 of
1500 1779 45 24 het
1563 1776 83 32 billijk
1663 1779 21 24 is
1707 1779 38 24 als
1762 1778 117 25 bewezen
1896 1787 48 17 aan
1962 1780 26 25 to

1057 1814 97 19 nemen,
1173 1807 45 22 dat
1243 1807 44 21 liet
1305 1807 122 24 karakter
1446 1815 31 17 en
1494 1807 30 25 de
1541 1809 152 31 gewoonten
1710 1808 46 25 der
1773 1808 144 26 Chineezen
1933 1809 52 30 ni,jt

1129 1840 35 19 ".'.'
1181 1835 48 31 zijn
1246 1844 63 19 voor
1325 1837 170 35 verbetering.

1088 1865 51 27 Zou
1157 1876 54 19 men
1231 1874 61 25 geen
1311 1870 97 35 poging
1423 1871 104 27 kunnen
1545 1871 65 27 doen
1625 1879 63 19 voor
1703 1871 129 30 verplicht
1846 1866 138 45 dtideïfljfjS,

1056 1899 45 28 ten
1124 1900 74 28 einde
1225 1902 31 28 de
1273 1903 123 28 kinderen
1416 1905 45 26 der
1478 1903 142 31 Cnirieexeü
1637 1904 26 28 ie
1680 1903 159 30 besclïaven'.
1861 1906 38 27 De
1918 1906 67 27 beste

1056 1936 143 38 maatregel
1222 1936 74 28 vindt
1322 1937 31 28 de
1374 1938 63 26 lieer
1453 1935 57 32 Mill
1527 1939 26 25 in
1572 1948 56 18 zeer
1645 1941 136 32 gestrenge
1800 1941 94 25 wetten
1912 1942 74 27 tegen

1057 1969 32 26 de
1104 1968 260 35 koclie-kontrakten,
1378 1971 80 27 welke
1468 1972 35 31 hij
1514 1972 144 30 vermomde
1669 1972 119 33 slavernij
1799 1974 93 26 noemt.
1910 1964 76 34 Zuike

1057 2002 157 27 kontrakten
1238 2000 148 31 behoorden
1408 2006 54 26 niet
1479 2001 84 32 alleen
1579 2007 53 26 niet
1651 2007 96 26 erkend
1763 2008 26 24 te
1807 2007 100 25 worde.i
1925 2004 51 25 dooi-

1057 2035 30 26 de
1107 2035 57 31 wet,
1181 2041 72 20 maal'
1270 2043 58 19 men
1344 2036 131 28 behoorde
1491 2039 58 31 hen,
1567 2039 40 27 die
1625 2048 28 18 ze
1670 2047 125 24 aangaan,
1813 2036 64 28 kon'

1057 2068 146 33 vervolgen.

1089 2100 33 26 Al
1147 2101 46 26 bet
1213 2094 31 33 nii
1394 2095 35 33 alt
1447 2101 56 28 zich
1520 2101 84 28 heden
1619 2101 41 28 tot
1677 2101 79 27 zaken
1775 2111 32 25 op
1825 2101 28 27 de
1871 2100 103 27 landver-

1057 2130 105 37 huizing
1181 2132 154 37 betrekking
1352 2133 139 30 hebbende.
1511 2137 38 26 De
1569 2137 150 26 Melboutne
1733 2135 86 32 Argus
1832 2133 67 40 <__«elt
1905 2133 81 32 mede,

1057 2165 46 27 dat
1120 2166 26 26 te
1162 2166 56 30 Tyi,
1234 2174 46 18 een
1292 2166 44 26 der
1344 2167 118 26 eilanden
1472 2167 26 26 in
1507 2169 32 26 de
1548 2169 76 25 Stille
1633 2167 116 30 Zuidzee,
1759 2176 45 17 een
1815 2166 158 26 verschrikke-

1057 2198 60 33 lijke
1136 2198 89 26 moord
1243 2198 71 26 heeft
1331 2198 83 33 plaats
1430 2202 84 30 gehad
1533 2207 32 25 op
1581 2209 46 17 een
1638 2199 169 32 zoogenaamd
1819 2193 169 38 emigranten»

1057 2231 79 31 schip,
1153 2231 112 26 hetwelk
1283 2231 87 27 echter
1388 2232 26 25 in
1423 2231 130 27 waarheid
1561 2231 93 33 weinig
1664 2231 122 26 verschilt
1795 2237 45 20 \tm
1850 2229 30 26 de
1890 2231 85 26 slaven-

1058 2264 125 26 linalili.'i-s,
1201 2264 39 28 die
1260 2264 66 26 welei
1474 2271 9 19 n
1505 2264 120 26 Amerika
1642 2271 33 19 en
1683 2259 92 31 Afrika
1781 2262 123 30 kruisten.
1924 2263 64 27 Deze

1057 2301 107 28 genepen
1183 2293 92 33 lokken
1296 2300 77 27 onder
1384 2290 97 33 allerlei
1493 2295 204 27 voorwendselen
1709 2295 28 26 de
1749 2303 17 19 ei
1780 2294 119 35 rfvöTidigo
1911 2296 65 25 eilan-

1057 2327 57 26 ders
1131 2336 48 17 aan
1198 2329 79 24 boord
1294 2335 31 19 en
1338 2329 115 31 brengen
1462 2329 50 25 hen
1521 2336 63 17 naar
1593 2329 30 24 de
1633 2324 164 30 australis,.he
1807 2326 128 28 koloniën,
1949 2328 39 27 die

1057 2360 118 27 behoefte
1185 2369 48 17 aan
1243 2357 152 30 werklieden
1407 2361 106 31 hebben.
1527 2361 50 24 Dus
1587 2360 99 25 Werden
1696 2362 48 24 280
1753 2357 177 35 inboorlingen
1938 2369 50 17 van

1057 2393 46 32 Tyi
1117 2393 136 26 aanboord
1264 2401 48 17 van
1324 2394 43 24 liet
1388 2391 14 31 fj
1550 2392 99 33 rkschip
1658 2393 87 25 Moren
1754 2391 97 33 gelokt,
1867 2402 40 18 om
1925 2401 63 19 naar

1057 2420 161 35 Qneenslahd
1237 2425 185 33 overgebracht
1442 2427 22 24 te
1483 2426 109 24 worden.
1624 2424 33 26 Do
1677 2425 170 32 wanhopende
1858 2425 130 28 inlanders

1163 2466 12 15 ii
1194 2457 167 35 gezamenlijk
1389 2461 44 22 den
1455 2465 91 26 oproer
1565 2458 22 24 iv
1609 2457 13 26 h
1643 2457 1 25 I
1670 2457 84 32 schip,
1774 2458 165 26 vermoorden
1957 2456 31 30 de

1056 2490 157 32 bemanning
1231 2496 30 20 en
1279 2498 126 25 sprongen
1424 2496 67 22 over.
1500 2489 58 30 hooi
1716 2492 9 21 f
1735 2486 63 31 land
1805 2491 28 27 te
1841 2498 145 20 zwemmen.

1057 2523 102 25 Slechts
1176 2523 84 33 dertig
1278 2523 99 25 lmniiei'
1396 2518 130 32 bereikten
1540 2520 28 28 de
1586 2522 69 33 kust,
1664 2530 27 20 e»
1709 2524 47 25 253
1773 2523 117 28 kwamen
1906 2524 25 27 in
1958 2523 30 27 de

1057 2556 92 33 golven
1167 2563 47 19 om.

1093 2588 33 28 De
1144 2589 133 30 e.igeiselu'
1297 2588 143 34 dagbladen
1457 2588 109 35 dringen
1584 2596 27 19 er
1628 2589 33 32 bij
1677 2587 30 25 «Ie
1727 2588 135 38 regeering
1878 2596 31 26 op
1922 2596 66 22 aan,

1057 2629 41 18 om
1115 2621 133 32 krachtig.-
1266 2622 174 33 maatregelen
1456 2622 25 25 te
1492 2629 90 18 nemen
1591 2622 40 26 tot
1639 2620 44 28 Ket
1690 2619 152 35 bedwingen
1852 2629 50 18 van
1912 2622 76 25 dezen

1089 2686 39 25 De
1144 2686 214 34 bijzonderheden
1376 2695 50 17 van
1435 2686 45 27 het
1488 2683 221 33 verschrikkelijke
1728 2683 107 34 ongeval
1848 2686 26 26 te
1884 2686 105 26 Bristol.

1057 2718 50 33 zijn
1123 2726 45 19 zoo
1186 2718 98 37 pijnlijk
1300 2719 129 32 mogelijk.
1446 2719 38 26 De
1494 2719 149 35 plotselinge
1661 2712 66 32 dood
1741 2725 48 19 van
1807 2718 181 34 mijnwerkers,

1057 2751 128 26 zeelieden
1204 2751 28 28 of
1246 2752 118 32 reizigers
1382 2752 26 25 in
1424 2758 45 19 een
1493 2750 138 34 spoortrein
1649 2748 21 28 is
1688 2750 54 27 niet
1759 2758 45 19 zoo
1821 2751 168 33 aangrijpend

1057 2783 39 26 als
1113 2784 31 26 de
1161 2784 67 27 dood
1246 2791 48 19 van
1312 2792 60 18 eene
1390 2785 90 31 groote
1498 2784 125 37 menigte,
1650 2784 39 26 die
1709 2784 102 32 uitgaat
1827 2784 27 26 in
1872 2779 117 38 de'hoop

1057 2823 48 19 van
1124 2825 45 17 een
1188 2823 175 28 aangenamen
1388 2816 83 26 avond
1495 2817 26 25 te
1548 2813 90 34 slijten.
1657 2816 39 26 De
1721 2816 172 26 Holbeinscho
1913 2818 61 25 »doo-

1205 2850 91 25 ineen
1319 2849 44 26 bal
1381 2849 28 26 of
1430 2849 25 26 in
1482 2857 44 19 een
1551 2862 2 13 i
1722 2849 20 26 is
1761 2850 228 32 verschrikkelijk,

1057 2888 32 20 en
1109 2889 56 18 men
1183 2883 50 25 kan
1253 2882 52 25 niet
1324 2883 93 25 zonder
1435 2881 73 32 diepe
1533 2881 161 38 aandoening
1709 2882 45 26 het
1776 2882 158 34 ongelukkig
1950 2883 39 25 lot

1057 2914 72 26 lezen
1146 2922 50 18 van
1213 2914 40 26 die
1279 2919 26 22 18
1320 2922 117 21 mannen,
1463 2922 116 18 vtouwcii
1606 2922 31 18 en
1663 2914 138 32 kinderen,
1827 2915 40 25 die
1894 2915 24 25 in
1939 2914 47 26 den

1057 2947 171 39 schouwburg
1246 2956 47 18 van
1311 2947 98 26 Dristol
1426 2947 65 27 dood
1507 2947 47 33 zijn
1573 2948 164 32 gedrongen,
1755 2948 60 25 toen
1833 2948 30 30 zij
1883 2948 28 25 de
1930 2947 45 26 har-

1057 2978 118 28 lekinade
1195 2979 94 33 gingen
1300 2979 63 33 zien,
1381 2980 40 26 die
1435 2980 81 38 stee/S
1533 2982 52 22 met
1604 2980 45 26 het
1657 2980 137 25 kerstfeest
1811 2979 26 27 in
1854 2980 133 31 Engeland

1058 3019 112 22 gegeven
1181 3014 91 24 wordt.
1290 3012 74 34 Bijna
1371 3014 66 26 200Ó
1454 3020 120 27 personen
1592 3013 100 27 hadden
1708 3013 56 26 zich
1781 3012 143 27 verzameld
1933 3012 43 26 bui-

1057 3050 46 19 ten
1120 3045 31 25 de
1168 3045 94 26 deuren
1281 3054 48 17 van
1349 3047 44 25 het
1410 3041 112 35 gcbVuw,
1541 3054 40 18 om
1591 3046 26 25 in
1628 3047 48 25 den
1694 3046 51 25 bak
1762 3054 32 17 en
1814 3056 32 22 op
1856 3046 30 25 de
1893 3045 80 26 boven-

1058 3077 38 22 ste
1115 3077 123 33 galerijen
1247 3077 84 34 plaats
1344 3080 26 24 te
1388 3079 97 26 vimli-n.
1504 3078 69 25 Toen
1591 3077 30 27 de
1638 3079 94 24 deuren
1749 3079 117 31 geopend
1880 3077 107 28 werden,

1058 3107 112 26 stormde
1188 3110 45 26 het
1253 3111 102 31 publiek
1372 3122 63 18 naar
1461 3110 105 27 binnen.
1593 3111 31 26 In
1643 3111 48 26 den
1709 3117 107 20 nanwen
1834 3118 69 24 gang
1920 3110 67 25 werd

1058 3137 31 22 dé
1106 3139 115 22 meniffte
1246 3142 145 31 opgehoopt
1566 3143 133 31 idrongen,
1726 3143 45 25 het
1795 3136 60 32 volk
1878 3143 45 25 dat
1938 3149 52 26 nog

1059 3167 89 26 buiten
1166 3168 30 26 de
1214 3169 96 26 deuren
1328 3177 51 20 was
1393 3196 2 5 ,
1410 3171 94 24 hoorde
1522 3171 30 24 de
1578 3172 118 32 angstige
1713 3174 91 24 kreten
1821 3182 50 15 van
1884 3176 105 31 «terug,

1168 3200 60 33 niet,
1246 3208 32 19 en
1304 3204 59 25 toen
1384 3204 27 22 «ie
1436 3201 71 33 bijna
1532 3197 213 40 doodgedröngen
1770 3206 135 24 menschen
1918 3226 5 9 ,
1941 3206 48 25 den

1057 3229 74 30 kreet
1155 3240 51 20 van
1233 3234 104 37 «brand,
1474 3235 157 31 aanhieven,
1656 3243 40 18 om
1715 3236 31 25 de
1761 3236 113 34 menigte
1900 3237 47 25 dus
1963 3239 26 24 te

1058 3266 168 30 verhinderen
1408 3267 113 35 dringen,
1547 3269 123 27 ontstond
1696 3276 27 20 er
1744 3278 45 19 een
1817 3268 102 37 paniek.
1936 3270 54 26 Een

1057 3306 89 20 vrouw
1166 3309 50 17 van
1233 3302 32 31 vij
1422 3311 51 18 was
1491 3304 30 25 de
1546 3304 98 31 eerste,
1662 3304 39 26 die
1726 3304 78 26 neder
1820 3304 58 30 viel,
1896 3312 30 17 en
1944 3312 45 17 een

1058 3333 90 33 groote
1181 3344 72 15 mevr
1462 3343 8 19 f
1504 3335 64 28 haar
1592 3337 81 31 heen,
1691 3337 94 33 terwijl
1811 3337 30 25 de
1861 3345 22 25 o]

1057 3366 78 31 pakte
1168 3376 77 17 mens.
1520 3377 30 18 en
1580 3370 85 25 rechts
1689 3370 86 30 golfde
1809 3377 32 18 en
1865 3369 65 30 hen,
1950 3369 39 25 die

1057 3406 32 30 op
1123 3397 46 26 den
1500 3400 109 33 dtrapte.
1650 3402 53 24 Het
1743 3400 247 26 oorverechcurende

1057 3430 97 30 gillen,
1493 3437 5 19 t
1535 3431 117 30 Bineeken
1687 3441 40 17 om
1761 3431 77 34 hulp,
1858 3441 28 19 en
1913 3442 61 22 gena-

1057 3464 38 24 de,
1114 3469 47 17 van
1472 3470 21 18 ra
1521 3471 2 17 i
1539 3464 98 25 laalrten
1663 3463 31 26 de
1721 3464 90 32 paniek
1832 3467 79 28 groot,
1924 3472 12 15 r
1958 3471 31 18 en

1057 3501 444 46 §n
1524 3503 113 24 zeggen.
1668 3495 45 26 dat
1740 3496 30 25 de
1795 3503 120 18 zenuwen
1941 3504 50 17 van

1489 3528 43 24 nul
1551 3536 83 17 waren
1643 3529 77 28 tegen
1730 3528 45 24 bet
1793 3528 196 32 afschuwelijke,

1394 3566 12 14 o
1423 3557 183 27 aanschouwen
1619 3579 4 5 .
1650 3557 92 26 zonder
1760 3559 24 26 te
1802 3557 102 28 kunnen
1923 3555 50 31 hah-

1371 3593 39 19 ine
1431 3587 122 27 krachten
1574 3587 94 35 noodig
1687 3588 109 31 hadden,
1813 3599 40 17 om
1871 3592 104 26 zichiel-

1416 3618 26 25 te
1466 3618 171 27 bescherm,'n.
1676 3620 48 25 Een
1747 3628 56 21 man
1824 3631 46 15 van
1892 3624 81 27 krach-

1324 3656 118 19 .w.wiens
1452 3647 90 32 hreede
1553 3651 136 26 schouders
1698 3654 93 32 ontzag
1801 3652 188 34 inboezemden,

1310 3689 14 18 a
1339 3681 181 40 verslaggever
1538 3693 48 17 van
1597 3684 30 26 de
1638 3686 77 33 Doilij
1724 3687 80 30 News,
1824 3685 45 30 dat
1877 3686 34 35 hij
1924 3689 52 25 niet-

1277 3719 41 25 jne
1330 3713 69 28 bijna
1416 3716 261 33 bovenmensclielijke
1690 3715 133 38 pogingen,
1834 3719 71 28 nedei

1265 3743 144 33 gedurende
1430 3749 28 26 15
1475 3746 117 28 rninnten
1610 3757 31 24 op
1658 3750 50 31 zijn
1724 3758 50 24 rug
1791 3749 50 34 lag,
1859 3754 112 27 metwan-

1241 3775 38 26 ide
1297 3785 63 17 voor
1376 3780 48 30 zijn
1443 3775 195 33 levensbehoud.
1669 3777 69 31 Toen
1755 3783 34 34 hij
1808 3784 122 33 eindelijk
1946 3785 28 26 be-

1213 3841 2 9 |
1238 3808 43 32 lag
1299 3814 43 21 een
1358 3809 97 39 jongen
1474 3813 65 24 dood
1556 3814 79 25 onder
1650 3814 66 26 hem.

1200 3837 51 30 fckie
1270 3840 99 33 diirfde,
1389 3842 119 28 bevreesd
1526 3853 63 19 voor
1605 3853 46 19 een
1670 3846 97 27 nieuwe
1785 3844 107 38 paniek,
1905 3847 31 30 de
1945 3853 30 31 Op-

1178 3873 44 25 der
1239 3873 165 30 harlekinade
1430 3873 56 28 niet
1507 3878 149 30 uitstellen,
1674 3886 32 19 en
1722 3880 30 25 de
1761 3881 174 34 aardigheden
1944 3883 45 25 der

1178 3912 48 19 van
1241 3905 98 31 Pierrot
1358 3914 31 18 en
1411 3906 142 34 harlekijn,
1580 3909 81 26 deden
1688 3911 30 26 de
1742 3909 113 37 menigte
1881 3914 106 31 lachen,

1085 3958 4 4 .
1128 3938 20 33 ,;1
1173 3940 25 24 li
1218 3938 78 31 lijken
1322 3938 26 26 in
1375 3939 30 25 de
1422 3938 167 31 koffiekamer
1606 3939 91 34 lagen,
1716 3951 31 19 en
1765 3953 58 18 men
1839 3946 31 26 de
1886 3956 86 24 gewon-

1089 3979 13 15 i,
1122 3977 61 17 naar
1200 3970 46 24 bet
1256 3971 117 31 gasthuis
1383 3971 143 32 vervoerde,
1545 3974 92 32 terwijl
1649 3976 44 25 het
1702 3977 92 32 klagen
1805 3986 31 18 en
1845 3979 144 32 jammeren

1072 4012 31 15 „ii
1121 4003 66 27 ben,
1204 4010 63 18 wier
1283 4000 196 37 betrekkingen'
1504 4004 100 34 gedood
1637 4015 93 25 waren,
1853 4019 58 18 eens
1944 4019 30 22 ge-

1055 4035 80 25 hoord
1153 4033 109 26 werden.

1088 4065 93 27 Zelden
1207 4065 71 26 heeft
1303 4067 74 26 zeker
1403 4074 45 20 zoo
1474 4074 46 21 ccli
1543 4067 169 38 spookachtig
1729 4080 31 19 en
1776 4075 210 33 verschrikkelijk

1056 4100 86 27 drama
1161 4097 84 35 plaats
1261 4103 129 31 gegrepen
1407 4096 28 31 in
1452 4102 107 33 eenigeu
1574 4103 178 34 schouwburg.

1349 4181 347 45 Duitschland.

1089 4251 155 31 BERLIJN,
1259 4253 33 22 29
1307 4250 59 27 De*
1387 4248 87 34 [Pttrt.
1483 4252 91 33 Rotr.)
1584 4253 141 33 Algemeen
1731 4257 69 26 werd
1819 4258 73 26 dezer
1905 4259 83 31 «lagen

1057 4284 46 26 het
1120 4284 100 27 bericht
1238 4284 137 33 Verspreid,
1389 4284 46 26 dat
1450 4284 31 27 de
1499 4285 67 27 Heer
1577 4285 99 33 Uhden,
1694 4290 81 25 eerste
1793 4290 130 33 president
1938 4298 50 18 van

1057 4318 40 24 h,'!
1119 4316 69 33 hoog
1206 4317 178 32 gerechtshof,
1409 4318 65 30 zijne
1491 4317 156 40 betrekking
1659 4328 46 19 zou
1722 4323 178 33 nederleggen.
1936 4323 52 26 liet

1057 4349 78 33 blijkt
1150 4349 86 27 thans,
1253 4349 45 26 dat
1316 4349 38 26 dit
1363 4343 102 32 bericht
1474 4350 94 31 onjuist
1585 4350 34 32 is;
1632 4351 30 25 de
1676 4349 66 30 Heel'
1761 4354 92 27 Uhden
1861 4355 54 26 zelf
1929 4363 44 18 ver-

1057 4383 86 25 klaart
1154 4402 5 11 ,
1175 4382 45 25 dat
1238 4382 34 31 hij
1293 4391 27 17 er
1337 4382 53 26 niet
1409 4390 48 18 aan
1474 4380 111 34 gedacht
1604 4383 70 26 heeft
1690 4395 41 17 om
1749 4387 64 34 zijne
1831 4388 115 27 demissie
1962 4388 27 26 te

1057 4422 98 18 nemen.
1181 4414 31 26 In
1230 4419 116 21 zooverre
1365 4413 30 26 de
1422 4414 146 34 verklaring
1589 4424 48 15 van
1655 4417 48 24 den
1722 4420 63 24 lieer
1804 4421 96 26 Uhden.
1923 4421 50 26 Van-

1057 4453 70 20 waar
1142 4453 60 26 mag
1228 4452 58 20 men
1312 4453 110 26 vragen,
1448 4454 120 19 vanwaar
1585 4447 72 28 komt
1674 4448 45 26 het
1740 4452 113 31 gemeld,,
1872 4452 115 35 _feritóht,

1061 4479 45 26 dat
1122 4479 69 26 alom
1207 4483 52 21 was
1266 4479 130 35 verspreid
1413 4485 31 20 en
1461 4481 86 30 geloof
1554 4482 74 25 voiid.
1646 4487 45 21 zoo
1701 4479 133 39 eensklaps
1853 4486 135 26 vandaan'?

1057 4512 60 26 Men
1135 4517 48 21 zou
1200 4518 44 19 zoo
1261 4518 94 26 gaarne
1374 4513 45 21 ccii
1437 4512 112 26 anderen
1566 4514 129 31 president
1716 4524 48 17 aan
1781 4518 46 25 het
1843 4518 78 26 hoofd
1939 4525 50 18 van

1057 4545 46 26 dat
1120 4545 48 26 hof
1181 4545 56 25 zien
1253 4545 90 28 staan,
1359 4543 26 27 in
1403 4544 31 26 de
1450 4544 84 37 plaats
1552 4552 50 19 van
1618 4545 47 26 den
1687 4554 74 25 man,
1787 4550 39 26 die
1843 4550 145 34 gedurende

1058 4584 60 19 eene
1137 4577 72 25 iveks
1226 4583 50 19 van
1289 4577 74 32 jaren
1389 4584 45 18 zoo
1453 4577 90 32 ijverig
1560 4577 21 25 is
1598 4578 142 26 werkzaam
1759 4584 111 27 geweest
1885 4591 41 18 om
1944 4584 45 25 het

1058 4609 104 26 aanzien
1181 4616 51 19 van
1248 4610 45 25 het
1312 4609 47 27 hof
1382 4610 26 25 te
1433 4607 65 27 doen
1517 4609 81 26 dalen.
1633 4610 69 26 Toen
1719 4611 120 28 derhalve
1857 4615 63 26 door
1943 4623 46 19 een

1058 4642 45 25 der
1121 4642 144 32 dagbladen
1281 4642 45 26 het
1343 4642 122 26 bedoelde
1478 4642 107 37 gerucht
1598 4649 50 19 was
1657 4646 136 30 verspreid,
1804 4646 46 33 gaf
1857 4646 30 26 de
1898 4648 76 26 leven-

1058 4674 58 34 dige
1135 4674 110 31 wensch,
1264 4675 45 25 dat
1325 4675 45 25 het
1388 4675 135 33 mogelijke
1539 4675 102 25 bericht
1646 4675 66 33 juist
1721 4678 73 32 mogt
1811 4677 56 33 zijn,
1877 4680 112 25 daaraan

1058 4707 38 25 als
1113 4707 45 25 het
1174 4714 69 18 ware
1259 4708 135 32 vleugelen
1410 4715 32 18 en
1460 4707 93 27 weldra
1571 4714 52 19 was
1638 4706 45 27 het
1702 4708 40 26 ter
1757 4706 90 30 kennis
1865 4709 124 35 gebracht

1058 4747 51 17 van
1126 4740 124 24 iedereen.

1093 4769 39 27 De
1148 4770 61 26 heer
1226 4769 92 27 Uhden
1335 4769 71 27 heeft
1422 4768 39 28 dit
1476 4768 103 28 bericht
1594 4768 65 28 doen
1669 4773 185 34 weerspreken;
1872 4774 34 34 hij
1918 4774 71 32 blijft

1058 4811 31 25 op
1109 4804 47 30 zijn
1174 4804 65 33 post.
1273 4802 39 26 En
1331 4806 130 24 waarom?
1487 4804 41 33 Hij
1547 4804 96 34 hoopt,
1661 4805 45 25 dat
1722 4807 46 25 het
1782 4801 207 40 tegenwoordige

1057 4834 112 32 regime,
1195 4834 45 26 dat
1267 4835 31 26 de
1323 4837 207 33 tegenwoordige
1554 4837 106 26 liberale
1683 4838 117 27 minister
1825 4848 47 18 van
1890 4839 99 33 justitie

1058 4866 84 27 zullen
1160 4869 83 32 plaats
1258 4869 91 25 maken
1368 4877 61 17 voor
1446 4867 28 27 de
1495 4877 64 17 ware
1578 4870 138 26 orthodoxe
1734 4870 53 28 leer
1802 4872 26 26 in
1846 4866 46 32 het'
1906 4872 83 26 staat»

1059 4898 112 34 kuudige
1183 4920 4 11 ,
1207 4903 71 24 want
1293 4916 31 2 —
1343 4903 58 28 zegt
1417 4902 35 32 bij
1472 4917 30 2 —
1519 4909 73 26 moge
1611 4903 30 25 de
1665 4903 117 28 minister
1801 4913 45 18 een
1865 4913 59 17 man
1941 4905 48 32 zijn

1058 4939 50 18 van
1124 4939 60 19 eene
1202 4932 138 26 verdachte
1358 4933 80 30 kleur,
1456 4942 46 17 aan
1522 4935 45 25 het
1585 4933 51 31 hof,
1717 4936 65 26 bron
1798 4945 50 17 van
1866 4937 48 26 alle

1057 4964 64 26 daar
1146 4967 113 32 wappert
1284 4972 52 25 nog
1351 4964 69 34 hoog
1444 4975 30 15 en
1501 4967 45 26 fier
1572 4967 28 26 de
1618 4967 61 34 vlag
1696 4968 44 26 des
1755 4969 122 27 behouds.
1911 4970 31 25 In
1958 4970 31 25 de

1061 4997 111 25 beneden
1199 4998 132 31 regioenen
1358 4997 50 25 kan
1434 4998 45 25 bet
1502 5000 131 33 insgelijks
1657 5002 172 31 veranderen,
1854 5010 31 18 en
1907 5003 21 25 is
1945 5002 45 27 dat

1057 5029 46 26 het
1120 5028 83 34 geval,
1220 5024 52 32 dan
1287 5030 50 25 ben
1354 5029 27 26 ik
1397 5029 70 30 daar,
1486 5039 40 18 om
1544 5033 61 25 door
1622 5033 94 25 middel
1733 5042 48 17 van
1800 5035 45 25 het
1858 5035 47 25 hof
1911 5034 78 32 goede

1057 5061 117 26 dieusten
1191 5072 48 17 aan
1259 5062 30 25 de
1306 5062 78 33 goede
1402 5063 63 25 zaak
1489 5065 26 25 te
1541 5065 128 32 bewijzen.
1687 5066 74 26 leder
1778 5066 132 27 herinnert
1933 5063 57 32 ï.ich

1057 5101 52 26 nog
1134 5094 47 26 hoe
1207 5096 27 25 in
1260 5095 30 25 de
1317 5095 81 33 dagen
1416 5104 50 18 van
1483 5096 45 25 het
1545 5093 109 30 konfiikt
1670 5095 122 27 tnzschen
1809 5098 30 26 de
1857 5099 133 30 legeering

1057 5134 32 17 en
1114 5127 47 25 den
1180 5127 112 34 landdag
1309 5128 45 26 het
1370 5128 48 26 hof
1441 5130 142 25 werkzaam
1606 5127 22 27 is
1652 5131 111 31 geweest
1788 5139 63 18 voor
1876 5130 30 26 de
1922 5137 67 19 ware

1057 5158 156 33 beginselen.
1247 5161 39 31 Op
1311 5160 59 25 dien
1395 5160 137 32 terugkeer
1552 5165 51 20 Van
1619 5160 48 25 den
1684 5163 97 31 goeden
1798 5163 48 32 tijd
1864 5163 79 32 hoopt
1959 5161 30 25 de

1057 5190 61 25 heer
1134 5190 102 27 Uhden.

1090 5222 35 24 ïe
1141 5222 77 26 Hallo
1237 5222 70 27 heeft
1323 5220 146 35 gedurende
1487 5232 60 17 eene
1566 5226 72 25 reeks
1656 5233 50 18 van
1719 5226 74 34 jaren
1814 5235 60 18 eene
1891 5226 85 26 inrich-

1057 5250 59 34 ting
1131 5258 46 20 van
1198 5254 149 33 onderwijs,
1364 5255 47 27 liet
1428 5257 187 38 zoogenaamde
1635 5259 195 33 paedagogium,
1846 5261 144 31 ingrooten

1057 5283 70 27 bloei
1143 5287 131 27 verkeerd.
1293 5287 53 28 Het
1363 5297 51 17 was
1423 5290 112 31 gesticbt
1545 5290 64 27 door
1616 5291 102 38 August
1726 5289 132 31 Hermanh
1867 5290 122 33 Francke,

1058 5326 46 19 een
1126 5319 46 26 der
1188 5320 110 27 hoofden
1309 5330 47 17 van
1374 5321 30 26 de
1417 5321 158 34 piëtistische
1596 5324 83 32 partij;
1696 5333 71 17 maar
1785 5326 44 25 het
1840 5326 69 25 moet
1925 5331 50 19 wor-

1058 5352 48 25 den
1122 5352 102 31 erkend,
1234 5362 31 17 en
1274 5355 46 25 bet
1329 5354 84 26 wordt
1421 5355 47 25 ook
1478 5355 111 33 openlijk
1598 5352 102 33 orkeiid,
1711 5356 39 24 dal
1766 5356 30 24 de
1805 5356 61 26 heel'
1877 5356 112 26 Fl'ancke

1059 5391 60 18 eene
1146 5385 162 26 uitstekende
1332 5386 119 25 methode
1475 5386 91 31 bezat,
1585 5395 59 17 eene
1662 5386 144 26 uitmunten
1812 5388 28 24 de
1858 5389 87 24 school
1962 5388 27 25 in

1059 5415 45 26 het
1121 5415 73 27 leven
1211 5417 72 27 heeft
1298 5425 123 26 geroepen
1442 5425 30 17 eu
1491 5426 59 18 eene
1567 5417 112 34 menigte
1689 5419 98 34 knappe
1799 5427 110 17 mannen
1919 5417 70 28 heeft

1059 5448 130 30 gevormd.
1224 5448 31 25 Ik
1278 5450 74 26 maak
1378 5450 106 25 hiervan
1509 5451 87 25 vooral
1613 5451 129 32 melding,
1761 5451 87 25 omdat
1866 5459 61 18 voor
1943 5458 46 21 een

1058 5479 144 33 twintigtal
1224 5479 76 33 jaren
1323 5480 28 27 of
1365 5479 74 31 later,
1457 5489 56 18 zeer
1531 5483 54 26 vele
1602 5490 80 19 zonen
1698 5489 50 18 van
1765 5476 165 33 hollandsche
1946 5483 28 26 fa-

1059 5511 87 25 uiüicii
1165 5512 63 25 daar
1244 5512 85 27 hunne
1348 5515 130 31 opleiding
1495 5515 100 25 hebben
1613 5515 119 32 genoten.

1091 5543 59 31 ïvog
1167 5543 38 25 dit
1224 5543 109 35 weinige
1348 5546 71 24 moet
1436 5545 26 24 ik
1480 5554 28 17 ei-
1525 5546 141 31 bijvoegen,
1683 5545 120 31 namelijk
1822 5545 103 32 datjdie
1944 5546 30 26 be-

1058 5574 102 26 roemde
1185 5575 86 25 school
1296 5577 21 26 is
1343 5576 135 26 bezweken
1494 5578 44 24 ten
1556 5577 106 32 gevolge
1681 5584 48 17 van
1746 5572 33 28 de'
1793 5577 90 32 streng
1900 5578 74 31 piëtis-

1058 5607 83 26 tische
1157 5607 113 32 richting
1287 5609 87 24 aldaar
1394 5608 156 26 bewandeld.

1090 5639 59 25 Men
1169 5639 117 30 beweert,
1304 5647 64 19 naar
1383 5640 27 25 ik
1427 5646 118 21 verneem
1563 5647 32 25 op
1609 5639 98 33 goeden
1724 5639 89 37 grond,
1831 5639 45 26 dat
1893 5639 30 26 de
1933 5648 40 17 rus-

1059 5669 81 27 sische
1159 5670 204 31 rijkskanselier,
1385 5672 30 24 de
1433 5673 60 24 beer
1512 5673 19 25 G
1537 5670 170 28 ortschakoff,
1733 5678 26 19 m
1776 5679 45 18 een
1840 5672 148 31 onderhoud

1059 5704 53 22 met
1122 5704 47 22 den
1179 5708 37 20 tra
1222 5698 92 31 nscheh
1323 5704 216 26 ambassadeuren
1546 5704 48 25 den
1600 5701 215 27 oortenriiksclien
1824 5705 91 31 gezant
1924 5704 64 31 zijne

1058 5733 181 33 bevreemding
1256 5734 70 26 heeft
1335 5737 26 25 te
1378 5735 99 25 kennen
1495 5744 113 25 gegeven
1618 5741 60 18 over
1687 5733 31 25 de
1726 5735 78 32 wijze,
1814 5744 102 25 waarop
1926 5737 63 26 door

1061 5765 53 25 vele
1133 5766 116 25 fransche
1266 5773 30 18 en
1315 5769 198 31 oostenrijksche
1531 5766 143 33 dagbladen
1690 5764 22 26 is
1723 5767 142 32 gesproken
1876 5774 59 20 over
1943 5767 46 26 het

1059 5796 131 27 verleenen
1211 5798 45 24 der
1271 5798 38 25 St.
1328 5798 172 33 George-orde
1518 5807 47 15 aan
1583 5798 47 25 den
1646 5796 97 34 koning
1754 5806 50 19 van
1812 5798 116 30 Pruisen.
1945 5802 41 32 Hij

1059 5828 149 26 verklaarde
1233 5828 45 26 dat
1303 5828 25 26 al
1352 5831 111 38 hetgeen
1480 5839 51 17 was
1550 5829 129 30 beweerd,
1704 5831 44 24 ten
1768 5832 105 26 aanzien
1890 5841 51 18 van
1957 5833 31 25 de

1058 5859 161 31 vijandelijke
1238 5861 136 32 gevoelens
1394 5863 61 25 door
1470 5863 85 24 keizer
1571 5855 144 32 Alexander
1733 5863 149 32 gekoesterd

1058 5890 136 38 Frankrijk
1211 5900 31 20 en
1260 5893 152 33 Oostenrijk,
1430 5895 90 31 geheel
1537 5901 32 19 en
1585 5894 24 24 al
1628 5894 146 33 ongegrond
1795 5898 80 24 moest
1896 5897 93 33 geacht

1058 5921 110 28 Woraën.
1205 5922 35 30 De
1267 5924 83 25 keizer
1370 5926 50 26 bad
1439 5934 78 24 geene
1535 5926 198 26 demonstratiëu
1752 5929 136 32 gemaakt,
1905 5930 84 32 dewijl

1059 5955 33 30 hij
1110 5960 78 27 geene
1204 5955 139 32 zoodanige
1361 5956 136 34 bedoeling
1512 5957 51 27 had
1574 5957 167 32 gekoesterd;
1761 5961 50 25 alle
1827 5960 161 37 beweringen

1058 5994 48 17 van
1133 5985 58 26 dien
1215 5987 61 24 aard
1298 5986 120 28 mochten
1437 5982 119 32 derhalve
1574 5996 63 17 even
1654 5993 150 30 ongegrond
1820 5993 38 26 als
1876 5994 113 26 doelloos

1058 6018 103 26 worden
1176 6017 132 32 geheeten.

1090 6084 38 26 De
1161 6083 98 34 koning
1276 6093 50 18 van
1342 6086 109 28 Pruisen
1467 6089 71 26 heeft
1554 6096 47 17 aan
1620 6090 15 24 8
1649 6096 124 25 personen
1798 6092 39 25 uit
1861 6093 128 31 Hanover,

1058 6116 40 25 die
1115 6123 102 25 wegens
1240 6117 170 28 landverraad
1433 6122 71 25 ieder
1520 6120 164 26 veroordeeld
1701 6129 86 19 waren
1804 6126 137 30 geworden
1949 6128 41 25 tot

1058 6148 46 26 één
1126 6148 59 32 jaar
1209 6150 236 32 gevangenisstraf,
1465 6151 207 33 kwijtschelding
1688 6161 51 19 van
1757 6155 86 26 hunne
1860 6158 69 25 straf
1942 6167 32 20 ge-

1057 6180 138 26 schonken.

1091 6226 31 2 —
1140 6211 91 25 Sedert
1248 6213 105 33 eenigen
1372 6214 47 32 tijd
1437 6216 83 35 liepen
1537 6223 27 18 er
1580 6215 148 32 geruchten,
1747 6217 45 27 dat
1811 6220 30 26 de
1857 6220 119 26 minister-

1057 6242 131 31 president
1206 6250 48 17 van
1271 6244 116 28 Pruisen,
1404 6246 77 32 graaf
1487 6255 50 17 von
1545 6247 132 25 Bismarck
1694 6249 129 32 pogingen
1831 6252 26 24 in
1867 6252 45 26 het
1922 6253 69 25 werk

1058 6272 50 28 had
1128 6272 99 35 gesteld
1244 6281 41 18 om
1302 6276 57 26 zich
1375 6278 26 25 in
1423 6276 130 32 Rusland,
1579 6279 26 25 te
1622 6275 158 40 Petersburg
1798 6282 27 25 of
1844 6283 25 26 te
1885 6280 105 30 Moscon

1058 6320 31 4 —
1115 6304 31 27 de
1170 6305 59 26 stad
1247 6309 61 25 was!
1324 6308 59 26 hem
1407 6309 91 32 geheel
1522 6311 182 33 onverschillig
1721 6325 31 6 —
1770 6322 60 17 eene
1846 6315 79 25 krant
1941 6324 50 19 aan

1058 6339 26 24 te
1101 6339 122 24 scnaflen.
1247 6339 22 24 \\
1281 6339 27 26 at
1325 6348 28 17 er
1369 6340 50 25 den
1434 6343 142 26 staatsman
1592 6343 158 33 aangelegen
1763 6346 50 24 kon
1831 6347 56 31 zijn,
1906 6356 40 17 om
1963 6348 26 24 iv

1057 6370 47 25 het
1120 6370 61 26 hart
1199 6377 51 19 van
1266 6370 115 27 Eusland
1400 6381 43 15 een
1461 6369 214 37 partijorgaan'te
1694 6376 130 33 bezitten,,
1844 6379 71 25 vatte
1933 6379 43 25 nie-

1057 6400 76 24 mand
1143 6411 5 19 ;
1174 6402 83 28 zeker)
1273 6402 22 26 is
1319 6403 45 25 het
1388 6405 118 31 nogtans,
1524 6402 46 30 dat
1589 6407 30 24 de
1636 6409 175 30 vergramdste
1830 6410 64 25 aller
1909 6411 65 24 kran-

1056 6432 46 24 ten
1130 6439 32 18 en
1188 6431 131 35 krantjes,
1337 6435 167 32 mejufvrouw
1521 6437 31 26 de
1570 6435 137 28 Moscmier
1715 6439 116 30 Ze.ilunq,
1843 6448 31 26 op
1883 6442 107 25 zekeren

1058 6463 51 34 dag
1133 6465 52 24 met
1209 6467 91 31 groote
1325 6467 91 27 letters
1435 6476 60 18 eene
1519 6469 98 38 poging
1633 6469 99 26 bekend
1749 6471 102 26 maakte
1869 6481 40 18 om
1926 6474 64 26 haar

1058 6497 26 22 te
1110 6496 135 25 verleiden.
1250 6528 4 5 _
1283 6498 53 25 Het
1361 6500 74 34 geval
1460 6503 70 22 werd
1554 6501 54 26 niet
1628 6502 163 26 brommende
1808 6504 181 33 blootgelegd,

1057 6535 72 17 maar
1153 6536 32 25 op
1205 6528 112 30 delikate
1342 6530 71 33 wijze
1433 6539 47 18 aan
1498 6533 45 26 het
1558 6533 65 26 licht
1639 6533 125 32 gebracht
1781 6537 53 22 met
1851 6537 138 26 zoodanige

1183 6562 105 28 termen,
1307 6563 38 24 als
1363 6563 47 25 den
1428 6565 67 25 lezer
1512 6563 178 31 kondenlaten
1706 6565 79 31 raden
1792 6569 53 27 wat
1852 6576 31 20 er
1889 6572 100 32 gaande

1058 6598 59 22 was.
1134 6592 57 25 Hoe
1208 6594 159 34 voorzichtig
1393 6596 87 24 echter
1498 6598 48 24 ook
1563 6598 31 25 de
1611 6598 138 26 Moscaucr
1766 6601 105 32 Zeitung
1880 6604 110 31 geweest

1058 6631 74 22 ware,
1149 6624 61 26 toch
1231 6626 109 34 ontging
1350 6624 67 28 haar
1433 6627 125 35 berichtje
1576 6628 48 27 den
1641 6630 208 33 Argus-blikken
1867 6634 44 26 der
1929 6635 48 26 offi-

1058 6663 81 17 cieuse
1165 6657 152 31 berhjnsche
1335 6667 58 22 pers
1408 6660 139 31 geenszins.
1572 6661 38 25 De
1628 6663 195 28 Norddeutsclie
1839 6667 149 26 verklaarde

1057 6689 96 39 josweg
1178 6689 30 21 de
1233 6689 139 26 Moskauer
1395 6691 149 33 verklaring
1569 6700 61 17 voor
1651 6702 45 17 een
1722 6696 170 32 verdichtsel,
1917 6707 73 18 maar

1056 6718 31 24 de
1114 6718 138 26 Moskauer
1278 6728 24 18 is
1324 6720 57 26 veel
1406 6722 26 25 te
1456 6722 145 34 fatsoenlijk
1628 6732 40 18 om
1695 6726 25 25 te
1741 6728 102 32 jokken.
1877 6729 31 27 In
1925 6730 64 30 haar

2020 1289 105 38 jongste
2148 1297 111 21 nommer
2284 1287 145 28 handhaaft
2446 1289 47 33 zij,
2511 1287 47 26 ook
2583 1293 139 28 tegenover
2740 1287 45 26 liet
2804 1286 152 34 bei'lijrifche

2024 1325 128 26 dementi.
2172 1323 124 32 jtoutwcg
2313 1324 65 25 haar
2394 1322 120 26 dementi.

2060 1358 66 25 »Dat
2144 1365 26 18 ei'
2185 1355 39 26 uit
2239 1355 98 31 Derlijn
2354 1355 129 33 pogingen
2500 1354 28 26 in
2544 1354 45 26 het
2607 1352 67 26 werk
2692 1352 100 26 werden
2806 1351 151 33 gesteldom

2023 1398 63 19 onze
2109 1389 74 27 krant
2209 1388 27 25 in
2255 1387 103 27 handen
2376 1389 25 24 te
2419 1387 100 32 krijgen
2536 1385 21 26 is
2576 1395 28 17 en
2616 1385 70 32 blijft
2807 1383 43 28 De
2870 1385 71 26 Nord-

2024 1424 115 35 deutscff
2154 1420 51 26 had
2223 1420 122 33 namelijk
2360 1420 64 26 haar
2440 1420 169 33 ambtgenoot
2628 1419 125 33 uitgetart
2772 1417 73 34 e«3nig
2863 1417 78 26 auten-

2026 1450 50 32 tiel
2105 1467 2 14 i
2118 1454 41 24 tuk
2185 1454 129 32 openbaar
2339 1455 27 25 te
2392 1452 107 32 maken,
2525 1453 109 25 waaruit
2652 1453 30 24 de
2707 1450 155 39 ónlkooping
2878 1450 79 26 *<mdc

2026 1489 99 24 kunnen
2153 1483 104 32 blijken.
2283 1486 53 25 Een
2363 1486 133 27 autentiek
2520 1485 60 26 stuk
2604 1485 24 25 ki
2642 1493 65 17 unen
2726 1485 39 31 wij
2785 1483 47 26 wel
2851 1482 21 27 is
2889 1492 70 18 waar

2026 1522 58 31 zegt
2107 1518 31 25 de
2165 1520 141 25 Moskauer
2328 1517 54 26 niet
2413 1518 109 25 leveren.
2543 1517 72 26 Maar
2635 1517 38 32 wij
2694 1517 83 25 zullen
2796 1515 73 26 beter
2885 1515 72 26 doe*

2028 1556 126 26 «•Or'angs
2170 1548 22 27 is
2210 1551 30 25 de
2257 1550 122 33 generaal
2394 1558 50 17 von
2461 1550 162 28 Schweinit/,
2646 1557 102 24 .voeger
2764 1548 107 26 militair
2881 1548 78 33 agent

2029 1586 24 25 in
2081 1581 169 35 Petersburg,
2276 1583 78 26 thans
2378 1581 94 34 gezant
2485 1583 28 25 in
2531 1579 45 28 Wc
2595 1591 13 15 n
2647 1603 2 4 .
2676 1581 40 32 ..'ij
2735 1581 99 25 hebben
2857 1580 11 26 h

2028 1624 94 22 niegen
2148 1617 47 22 den
2224 1616 119 31 gem-raal
2369 1624 48 15 von
2446 1615 152 25 Schweinitz
2623 1613 148 34 yersoonlijl

2028 1639 93 45 f/'-nige
2140 1649 125 25 maanden
2283 1646 105 32 geleden
2406 1646 105 26 wendde
2519 1646 35 32 hij
2567 1646 53 25 ziel'
2627 1642 66 28 'door
2704 1645 172 32 bemiddeling
2883 1652 77 18 onzer

2030 1676 182 39 feteraburs/er
2230 1678 136 31 vrienden,
2385 1678 52 26 met
2458 1680 44 25 liet
2517 1678 112 27 voorste!
2648 1685 47 18 van
2713 1677 48 26 den
2778 1684 123 26 persoon,
2919 1676 40 26 die

2024 1715 57 22 Rein
2119 1709 105 28 daartoe
2257 1704 131 32 volmacht
2424 1717 113 25 gegeven
2571 1710 31 27 ha'
2764 1716 17 18 a
2791 1728 5 4 .
2828 1708 53 25 met
2914 1709 46 25 het

2026 1743 107 24 verzoek
2151 1742 139 39 zoodanige
2308 1741 125 26 artikelen
2451 1750 32 22 op
2498 1742 27 26 te
2539 1750 97 21 nemen,
2647 1741 37 26 als
2693 1748 58 19 men
2759 1748 45 18 ons
2813 1740 39 24 uit
2862 1737 97 33 Berlijn

2028 1774 79 24 zoude
2132 1774 104 22 zenden.
2262 1773 59 25 Men
2350 1774 87 25 deelde
2464 1775 58 26 hein
2537 1776 79 26 mede,
2635 1774 45 26 dat
2695 1773 45 25 het
2758 1772 115 32 vergeefs
2880 1770 79 26 zoude

2023 1805 64 31 ziju,
2106 1811 45 18 ons
2166 1804 40 26 dit
2222 1806 113 25 voorstel
2352 1806 48 26 oök
2418 1814 72 18 maar
2506 1809 74 24 mede
2597 1809 24 24 te
2635 1808 87 24 deelen
2743 1812 30 17 en
2787 1804 45 25 dat
2841 1811 58 18 men
2909 1809 50 18 van

2023 1835 26 26 te
2076 1837 76 27 yol-en
2179 1845 28 17 er
2233 1845 31 25 op
2283 1845 44 18 ».ou
2344 1838 103 26 kunnen
2466 1839 110 26 rekenen
2593 1839 44 26 dat
2654 1839 45 25 h.'t
2715 1837 53 26 niet
2785 1841 172 27 aangenomen

2026 1869 78 26 Miiile
2133 1870 110 25 Morden.
2277 1871 41 24 Na
2343 1873 106 30 eenigen
2478 1871 45 33 iij.l
2544 1870 206 32 ovuiiiochijiilijh
2767 1869 44 27 des
2828 1870 26 24 te
2870 1869 90 30 Japger

2026 1902 129 31 durende,
2179 1910 65 17 naar
2261 1903 67 25 mate
2346 1903 46 26 het
2407 1903 97 33 noodig
2519 1911 52 18 was
2588 1912 40 17 om
2644 1903 56 26 zich
2718 1903 53 25 met
2787 1903 48 24 den
2852 1907 107 25 persoon

2024 1935 86 26 weder
2125 1933 27 27 in
2170 1935 152 33 verbinding
2340 1936 26 25 te
2382 1936 102 30 stellen,
2500 1936 41 26 ilie
2559 1936 48 26 den
2619 1935 120 33 generaal
2747 1942 50 18 von
2806 1932 154 27 öchweiuitz

2024 1968 43 25 tot
2091 1967 39 25 dit
2146 1967 112 26 voorstel
2275 1967 52 25 had
2343 1969 176 31 gemachtigd)
2537 1969 67 27 werd
2623 1977 45 15 ons
2686 1975 46 18 een
2748 1967 83 25 nieuw
2849 1964 111 27 voorstel

2027 2000 106 33 gedaan,
2166 2000 39 26 De
2231 2007 60 18 eene
2315 2000 86 26 dienst
2425 2001 21 24 is
2472 2002 50 24 «len
2537 2002 92 24 andere
2648 2000 100 26 waard:
2766 2007 58 18 men
2841 1997 119 26 verzoekt

2027 2039 46 19 ons
2091 2030 72 27 mede
2183 2031 21 25 te
2224 2029 105 33 deelen,
2347 2029 60 34 dat,
2426 2037 118 21 wanneer
2561 2034 40 32 wij
2619 2035 31 24 de
2666 2030 151 34 berlijnsche
2835 2029 126 27 artikelen

2027 2073 31 24 op
2076 2063 126 26 ofüeieuso
2219 2063 70 33 wijze
2306 2063 27 26 in
2353 2073 45 18 ons
2414 2063 61 26 blad
2492 2065 93 26 wilden
2600 2063 161 27 mededeeien
2771 2062 24 26 al
2804 2063 31 25 de
2844 2061 117 27 duit.ehe

2028 2095 151 33 dagbladen,
2198 2096 39 25 die
2256 2096 76 31 graaf
2346 2105 50 18 von
2405 2096 132 26 Birmarck
2548 2107 109 22 genegen
2665 2096 57 33 zijn,
2731 2095 138 38 zoodanige
2876 2089 69 31 mede-

2028 2128 133 33 deelingen
2178 2135 33 18 en
2229 2128 246 33 korrespondentiën
2491 2130 98 25 zouden
2606 2137 129 26 opnemen,
2752 2128 38 26 als
2806 2128 39 32 wij
2865 2125 96 33 noodig

2028 2161 97 25 zouden
2150 2161 107 28 achten,
2283 2161 45 25 dat
2353 2161 27 26 in
2405 2161 31 26 de
2461 2161 109 26 buitenl.
2596 2171 54 25 pers
2667 2160 111 27 wierden
2797 2167 164 26 opgenomen.

2030 2193 57 27 Ook
2107 2192 39 27 dit
2164 2192 112 26 voorstel
2293 2193 51 26 kan
2361 2193 53 26 niet
2432 2194 104 25 worden
2557 2202 180 27 aangenomen.

2060 2239 30 4 —
2107 2226 52 24 Ten
2177 2222 107 35 gevolge
2302 2233 50 18 van
2368 2226 31 26 do
2418 2226 195 32 buitengewone
2629 2226 149 32 toeneming
2786 2232 51 18 van
2844 2224 46 26 het
2900 2231 46 18 aan-

2028 2257 37 26 tal
2082 2257 126 27 kloosters
2225 2265 31 17 on
2274 2258 177 33 kloosterlijke
2461 2256 182 37 Inrichtingen,
2661 2258 86 26 vooral
2760 2252 53 31 'ook
2831 2258 26 24 in
2868 2257 30 24 de
2909 2256 39 25 zui-

2028 2295 45 21 vel'
2092 2288 207 35 protestantsche
2309 2291 146 32 provinciën
2473 2300 50 18 van
2539 2293 115 30 Pruisen,
2679 2291 48 32 zijn
2745 2290 33 32 bij
2798 2289 47 26 den
2870 2288 78 33 pruisi-

2028 2323 77 26 schen
2115 2322 113 32 landdag
2245 2330 57 18 zeer
2320 2323 54 25 vele
2394 2323 81 32 petiën
2494 2324 159 32 ingekomen.
2688 2317 38 31 De
2756 2322 63 25 zaak
2844 2321 71 26 heeft
2935 2321 27 25 in

2028 2363 57 18 zeer
2101 2356 83 31 hooge
2202 2356 69 24 mate
2290 2355 31 25 de
2337 2355 204 34 belangstelling
2567 2356 45 26 der
2637 2354 141 32 bevolking
2803 2353 158 32 getrokken,

2028 2396 32 18 en
2076 2385 27 28 in
2120 2388 56 25 niet
2192 2387 113 26 mindere
2322 2388 69 26 mate
2411 2387 22 26 is
2450 2386 45 27 dat
2511 2388 46 27 het
2571 2389 77 32 geVal
2665 2389 53 24 met
2734 2387 46 25 het
2797 2386 77 25 thans
2885 2393 61 25 open-

2027 2420 64 27 baar
2107 2420 136 33 gemaakte
2269 2419 102 33 verslag
2394 2419 45 26 der
2467 2420 123 26 diskussie
2615 2421 124 25 daarover
2760 2418 110 34 gevoerd
2888 2417 26 26 in
2931 2417 30 26 de

2028 2448 126 38 zittingen
2172 2453 45 25 der
2232 2451 143 26 kommissie
2394 2459 61 18 voor
2472 2450 31 28 de
2520 2450 110 37 petitiêh
2648 2460 48 18 van
2713 2450 46 28 het
2785 2448 57 28 huis
2858 2448 45 26 der
2926 2451 24 24 af-

2028 2485 196 31 gevaardigden.
2259 2484 37 25 De
2316 2484 129 32 zittingen
2458 2484 54 26 dier
2520 2484 144 27 kom,nissie
2674 2485 51 32 ziju
2734 2481 158 34 bijgewoond
2902 2481 60 25 door

2028 2516 364 34 regeeringskomniissarissoii
2409 2522 50 21 van
2466 2516 56 28 drie
2539 2517 165 30 miuisteriën,
2715 2515 125 32 namelijk
2851 2523 50 17 van
2908 2515 40 32 jus-

2028 2549 66 30 titie,
2122 2548 219 27 binnenlandsche
2361 2548 79 26 zaken
2457 2556 30 19 en
2505 2551 149 25 eereilieiist.
2683 2542 171 44 Opmerkelijk
2870 2546 22 26 is
2909 2546 53 30 het,

2028 2582 45 27 dat
2082 2582 31 27 de
2130 2578 322 37 regeeringskommissaris
2467 2588 50 19 van
2533 2581 45 28 het
2595 2578 141 30 ministerie
2754 2587 50 18 van
2820 2574 142 31 eeredienst

2028 2616 38 25 als
2091 2616 45 25 het
2160 2623 67 17 wan-
2252 2621 60 22 mag
2329 2611 96 35 gezegd
2444 2614 102 27 worden
2563 2615 30 25 de
2609 2614 129 26 advokaat
2754 2614 45 24 der
2816 2610 145 33 geestelijke

2028 2648 77 26 orden
2124 2649 25 24 te
2165 2648 57 31 zijn.
2241 2644 136 28 Trouwens
2394 2647 61 30 gaat
2478 2648 57 25 nien
2554 2654 28 19 na
2602 2647 61 25 door
2681 2646 65 24 wien
2764 2643 30 26 de
2805 2642 143 35 regeeriiigs-

2028 2675 171 32 kommissai'i's
2224 2676 26 28 in
2275 2676 105 26 kwestie
2406 2686 52 17 was
2474 2675 197 38 afgevaardigd--,
2696 2676 120 32 namelijk
2833 2672 63 31 door
2915 2676 47 25 den

2028 2715 60 25 heer
2098 2721 48 18 von
2156 2709 117 31 Mühlei',
2283 2717 45 19 een
2339 2712 141 31 protestant
2486 2711 44 26 seh
2541 2708 113 33 minister
2666 2719 45 17 van
2722 2715 56 20 Zeer
2787 2709 84 26 sterke
2883 2709 66 25 ultva-

2028 2744 182 28 montaansche
2226 2741 162 33 beginselen,
2407 2743 50 25 dan
2474 2744 54 25 laat
2545 2745 56 25 zich
2620 2744 30 26 de
2668 2743 64 26 zaak
2748 2741 142 26 verklaren.
2923 2741 39 26 De

2028 2779 92 25 beiden
2128 2777 93 26 andere
2245 2774 217 26 kommissarissen
2487 2774 102 28 hebben
2608 2784 59 18 eene
2685 2774 89 32 geheel
2790 2773 93 25 andere
2900 2773 47 26 hou-

2028 2811 61 32 ding
2106 2816 188 27 aangenomen;
2321 2809 30 31 zij
2368 2809 51 31 zijn
2435 2809 89 25 echter
2542 2819 48 15 van
2607 2806 137 35 gevoelen,
2763 2806 45 25 dat
2825 2805 31 26 de
2874 2806 74 33 tegen-

2028 2841 131 35 woordige
2172 2839 146 38 wetgeving
2336 2848 31 25 op
2378 2839 44 26 het
2438 2841 73 25 recht
2522 2850 48 17 van
2589 2839 162 31 vereeniging
2771 2846 47 15 aan
2836 2838 54 26 vele
2908 2839 54 25 dier

2027 2869 138 38 kerkelijke
2185 2869 196 35 vereenigingêu
2392 2872 72 26 recht
2480 2882 51 17 van
2546 2874 105 26 bestaan
2679 2869 85 35 geeft,
2790 2869 27 26 iv
2842 2878 119 19 zooverre

2028 2908 30 33 zij
2076 2902 78 37 geeiie
2172 2904 141 33 aanspraak
2330 2904 91 26 maken
2440 2913 32 26 op
2490 2907 67 24 recht

2060 2930 120 35 Verstaat
2205 2937 58 26 nien
2288 2937 79 25 onder
2382 2937 115 26 klooster
2513 2937 94 26 slechts
2623 2937 40 24 die
2681 2933 176 37 inrichtingen
2869 2955 5 8 ,
2894 2943 69 18 waar

2028 2980 131 26 personen,
2177 2970 39 26 die
2232 2969 122 35 bepaalde
2373 2969 115 33 geloften
2504 2969 99 27 hebben
2621 2965 125 37 afgelegd,
2772 2962 57 31 zich
2850 2966 98 28 Vereèni-

2028 3013 48 25 gen
2091 3005 43 25 tot
2150 2996 45 32 het
2211 3000 145 27 verrichten
2374 3008 51 18 van
2440 2998 273 40 gemeenschappelijke
2737 2998 210 38 godsdienstoefe-

2028 3037 102 33 ningen,
2139 3045 32 18 en
2187 3033 79 28 welke
2283 3032 158 35 stichtingen
2461 3028 298 40 rechtspersoonlijkheid
2777 3031 122 32 bezitten,
2913 3033 50 25 dan

2028 3071 70 24 moet
2106 3069 103 32 gezegd,
2226 3067 44 24 «lat
2278 3067 86 24 sedert
2387 3070 69 26 1810,
2473 3069 61 25 toen
2551 3067 31 26 de
2600 3066 125 26 kloosters
2743 3063 35 34 bij
2797 3064 30 26 de
2844 3066 52 25 wet
2913 3066 50 33 zijn

2028 3100 149 38 opgeheven
2209 3099 27 27 in
2262 3097 123 31 Pruisen,
2406 3099 96 26 slechts
2519 3107 56 19 zeer
2594 3096 105 32 weinige
2726 3096 50 32 zijn
2802 3096 96 32 blijven
2914 3098 32 26 be-

2028 3136 81 25 staan.
2135 3133 74 26 Maar
2226 3131 38 27 dit
2282 3129 71 30 heeft
2369 3137 78 27 geene
2467 3132 93 26 schade
2578 3138 46 19 aan
2642 3130 31 24 de
2691 3130 89 31 groote
2790 3125 63 31 zaak
2863 3130 98 32 gedaan

2028 3176 33 17 en
2078 3167 89 25 daarin
2184 3164 35 26 zit
2236 3164 30 25 de
2278 3163 155 33 jezuïtische
2458 3164 86 30 kunst,
2563 3163 45 27 dat
2624 3169 57 22 wen
2700 3159 30 28 de
2746 3159 129 30 kloosters
2891 3163 71 26 heeft

2029 3198 143 33 verborgen
2193 3195 90 28 achter
2300 3196 99 25 allerlei
2415 3196 190 33 voorwendsel»;
2624 3202 27 19 er
2667 3195 51 33 zijn
2726 3195 146 32 gestichten
2882 3195 27 25 in
2916 3196 46 25 het

2028 3231 74 25 leven
2120 3237 125 26 geroepen
2263 3228 40 25 tot
2321 3228 151 34 verpleging
2497 3237 50 19 van
2574 3227 100 30 zieken,
2701 3226 43 28 tot
2759 3224 130 38 opleiding
2917 3228 45 27 der

2026 3263 89 34 jeugd,
2125 3270 30 19 en
2172 3263 31 25 de
2219 3259 146 37 geestelijke
2383 3269 109 17 mannen
2511 3263 47 30 zijn
2576 3261 132 31 geworden
2726 3261 235 32 ziekenoppasaers,

2029 3294 183 34 onderwijzers,
2231 3302 60 21 enz.,
2303 3301 61 21 enz.,
2374 3293 26 26 iv
2409 3302 45 18 een
2464 3294 86 28 woord
2557 3289 32 38 zi|
2600 3292 100 27 hebben
2711 3292 99 26 allerlei
2817 3292 145 33 gedaanten

2029 3337 182 25 aangenomen,
2226 3327 58 33 zegt
2301 3326 30 25 de
2354 3327 207 27 Ifeser-Zeilun;.
2591 3324 57 27 Men
2667 3325 72 26 heeft
2758 3326 122 33 sommige
2900 3335 46 25 pro-

2029 3361 100 25 vinciën
2146 3366 51 20 van
2216 3357 105 28 Pruisen
2339 3356 37 28 als
2393 3356 45 27 het
2454 3365 67 19 ware
2539 3357 137 34 oveistelpt
2701 3359 54 24 niet
2770 3354 126 35 jezuït'en,
2919 3367 28 18 re-

2030 3393 191 33 demptoristen,
2238 3391 206 32 franciskanaxs,
2461 3400 59 19 enz.,
2541 3391 39 27 die
2593 3399 56 18 meu
2660 3390 39 26 uit
2709 3389 97 35 België,
2817 3385 144 40 Frankrijk,

2029 3425 168 27 Zwitserland
2224 3432 30 18 en
2276 3432 47 17 van
2342 3423 83 27 elders
2446 3424 11 25 h
2694 3424 22 25 in
2735 3424 47 26 den
2800 3423 162 31 biechtstoel,

2028 3456 27 28 in
2080 3457 96 26 statiën
2202 3464 31 17 en
2258 3464 32 24 op
2320 3459 92 22 andere
2447 3456 69 32 wijze
2549 3457 28 25 de
2614 3457 202 31 protestantsche
2850 3457 52 26 leer
2937 3459 24 24 to

2030 3489 146 28 bestrijden,
2193 3496 47 17 van
2261 3488 79 25 welke
2357 3488 63 25 taak
2435 3488 30 32 zij
2485 3485 54 27 >-','b
2558 3485 96 30 hebben
2663 3485 135 35 gekweten
2804 3496 65 20 naar
2876 3488 85 30 hunne

2029 3516 221 32 bet:!e'kiaeliten,
2268 3517 44 30 dat
2329 3520 70 25 moet
2415 3528 56 17 men
2490 3517 53 27 hun
2562 3527 119 24 nageven.

2061 3553 187 26 Daarenboven
2275 3553 102 24 hebben
2401 3553 30 31 zij
2459 3559 51 25 nog
2531 3561 45 18 een
2595 3553 129 32 middeltje
2741 3553 139 38 gebezigd,
2898 3560 63 19 even

2030 3583 154 33 onschuldig
2207 3583 39 25 als
2272 3583 161 32 voordeelig,
2461 3591 58 18 eene
2538 3588 67 21 soort
2623 3593 47 17 van
2689 3583 159 33 smokkelarij
2869 3592 31 25 op
2917 3585 44 25 het

2029 3618 91 31 gebied
2147 3617 44 25 der
2218 3614 185 33 weldadigheid
2428 3614 116 34 geplegd.
2578 3617 34 25 M,
2623 3625 13 17 n
2656 3617 67 25 leeft
2741 3612 120 37 namelijk
2878 3617 34 30 bij
2931 3617 30 24 de

2028 3650 48 26 826
2094 3650 102 28 statiën,
2216 3657 120 17 waaraan
2352 3646 145 26 verbonden
2516 3647 48 32 zijn
2583 3651 63 25 5820
2662 3646 73 28 leden
2760 3654 50 20 van
2826 3647 46 26 het
2888 3656 56 17 man-

2028 3680 93 32 nelijke
2148 3689 32 17 en
2210 3683 61 21 1564
2298 3686 46 17 van
2369 3678 40 25 bel
2432 3679 162 30 vrouwelijke
2611 3679 130 31 geslacht,
2759 3687 31 18 en
2807 3678 83 27 schier
2907 3680 41 24 tal-

2028 3713 56 25 loos
2099 3711 38 27 ta!
2154 3722 32 15 en
2203 3710 174 33 inrichtingen
2395 3719 48 15 van
2456 3712 194 31 weKadigbeid,
2659 3720 60 19 enz.,
2728 3713 83 24 weten
2820 3713 26 24 te
2857 3718 103 25 voegen,

2028 3754 78 22 geene
2132 3745 126 24 kloosters
2283 3743 26 25 in
2335 3742 48 26 den
2409 3743 39 25 zin
2478 3742 45 27 der
2546 3748 65 26 wel,,
2639 3745 46 24 wel
2706 3744 110 32 degelijk
2836 3744 125 25 kloosters

2028 3777 26 25 in
2070 3777 50 26 den
2137 3775 167 34 geestelijken
2320 3775 46 25 zin.
2393 3775 52 25 Het
2461 3775 73 30 huis,
2550 3775 97 26 waarin
2663 3775 59 26 zulk
2741 3784 59 17 eene
2819 3776 141 30 weldadige

2028 3809 125 33 stichting
2171 3807 81 28 wordt
2269 3807 141 33 gevestigd,
2430 3807 109 26 behoort
2552 3816 50 17 aan
2619 3815 45 18 een
2683 3807 157 33 partikulier,
2859 3808 39 25 die
2911 3801 50 32 alle

2027 3841 109 32 nooelige
2160 3840 138 31 wettelijke
2326 3835 174 35 maatregelen
2524 3846 48 19 van
2590 3844 124 34 voorzorg
2733 3840 70 26 heeft
2819 3840 142 31 getroffen,

2028 3880 40 20 Om
2085 3872 26 27 te
2128 3869 139 30 verhoeden
2280 3892 5 9 ,
2311 3870 59 30 dat,
2396 3879 33 18 na
2454 3870 50 33 Zijn
2520 3872 152 32 overlijden,
2696 3865 47 32 het
2767 3870 58 25 huis
2841 3872 56 25 niet
2911 3879 50 17 aan

2027 3914 46 17 een
2212 3905 145 31 erfgenaam
2374 3904 27 25 in
2417 3905 103 25 handen
2538 3905 65 26 valle
2620 3912 32 18 en
2669 3912 32 25 op
2718 3904 41 26 die
2776 3902 71 34 wijze
2863 3902 83 28 woeke-

2027 3946 45 18 ren
2089 3938 39 26 die
2145 3937 167 30 instellingen
2328 3935 87 25 overal
2434 3937 80 25 voort.

2059 3971 26 25 Is
2101 3978 27 18 er
2145 3970 77 32 tegen
2239 3969 59 25 deze
2316 3967 155 34 ontduiking
2496 3967 110 35 der.wet
2623 3966 53 26 niet
2693 3966 27 26 te
2738 3966 110 26 waken'?
2868 3965 93 33 vraagt

2027 4003 30 24 de
2075 4003 118 34 Magdeb.
2209 4002 113 28 Zeitung.
2341 3999 48 35 Wij
2409 4000 50 32 ziju
2477 4009 50 17 van
2543 3999 133 33 gevoelen,
2696 3999 59 31 zegt
2774 3999 45 25 het
2833 3998 67 28 blad,
2916 3999 45 25 dat

2027 4035 44 26 het
2087 4032 59 27 hms
2163 4033 44 25 der
2237 4025 221 39 afgevaardigden
2477 4032 45 26 het
2539 4031 92 25 middel
2650 4030 25 25 in
2694 4030 30 25 de
2741 4030 70 25 band
2828 4030 72 26 heeft
2919 4038 43 17 om

2026 4068 59 26 dien
2093 4067 97 25 kanker
2206 4064 39 25 nit
2263 4065 24 22 te
2306 4063 110 38 snijden,
2434 4064 119 32 nanielijk
2571 4063 61 26 door
2650 4062 31 26 de
2698 4058 155 37 bepalingen
2872 4068 32 27 op
2916 4062 45 26 dat

2026 4098 72 28 stuk,
2115 4098 27 25 iv
2158 4095 46 27 het
2219 4090 281 38 algemeenpruisische
2517 4091 135 30 l'andrecht
2668 4095 146 32 aanwezig,
2833 4095 84 26 weder
2934 4095 27 25 in

2027 4133 45 25 hel
2087 4128 73 28 leven
2177 4129 26 24 te
2220 4135 100 24 roepen,
2337 4127 28 26 of
2381 4127 72 27 beter
2469 4127 110 34 gezegd,
2596 4128 43 26 toe
2660 4127 25 26 te
2705 4127 56 26 zien
2779 4134 31 19 en
2829 4127 25 26 te
2871 4127 89 26 waken

2026 4170 63 20 voor
2102 4161 32 27 de
2150 4160 110 32 richtige
2277 4159 148 33 toepassing
2441 4160 119 27 daarvan.
2604 4174 7 7 •

2331 4247 313 48 Oostenrijk.

2059 4322 57 30 Ook
2147 4322 26 26 te
2190 4320 93 33 Praag;
2300 4319 90 27 Brunn
2407 4329 32 18 en
2456 4320 78 27 Griitz
2559 4319 48 34 zijn
2640 4317 90 32 groote
2761 4317 182 28 arbeidersmee-

2027 4357 72 32 tings
2115 4355 135 33 gehouden
2268 4362 41 17 om
2324 4355 27 25 te
2369 4354 184 31 petitioneereu
2570 4358 61 21 voor
2647 4349 47 26 het
2702 4349 76 27 recht
2787 4359 48 18 van
2846 4352 98 26 vereeni-

2027 4389 71 33 ging,
2115 4385 171 34 vergadering
2304 4393 31 17 en
2352 4384 116 26 koalitie.

2060 4436 30 4 —
2108 4421 111 37 Volgene
2228 4416 206 34 mededeelingeii
2445 4417 45 26 der
2503 4417 87 27 Presse
2598 4414 70 27 staat
2686 4413 48 27 ook
2743 4414 104 32 Pöborl,
2858 4413 45 30 dat
2913 4415 45 26 het

2028 4452 146 32 brandpunt
2191 4447 48 28 kan
2259 4449 98 25 worden
2375 4450 125 31 genoemd
2517 4457 48 17 van
2582 4448 48 25 den
2648 4447 116 31 opstand,
2783 4456 32 22 op
2833 4443 45 31 het
2894 4449 64 32 punt

2027 4493 50 19 van
2093 4483 56 27 zich
2166 4485 26 24 te
2209 4480 188 33 onderwerpen.

2339 4551 291 43 Frankrijk.

2059 4622 38 25 De
2115 4620 70 26 Heer
2202 4618 106 28 Ollivier
2324 4617 78 31 heeft,
2420 4625 64 18 naar
2500 4625 57 18 men
2574 4613 117 30 beweert,
2707 4613 54 27 drie
2776 4616 83 32 dagen
2869 4616 87 27 uitstel

2180 4661 40 17 cm
2238 4652 48 31 zijn
2304 4645 141 31 ministerie
2461 4655 86 21 zanten
2565 4649 25 26 te
2608 4645 98 27 stellen,
2732 4646 39 25 De
2789 4648 90 33 2'emps
2889 4649 67 25 deelt

2027 4685 78 30 mede,
2122 4684 45 25 dat
2183 4685 45 25 het
2248 4684 58 25 hem
2323 4683 53 25 niet
2394 4682 169 33 gemakkelijk
2582 4678 61 31 valt,
2661 4685 41 17 om
2719 4678 201 34 ambtgenooten
2930 4681 26 26 te

2027 4719 100 25 vinden.
2152 4716 41 32 Hij
2211 4716 84 24 kwam
2310 4717 53 22 met
2372 4722 60 18 eene
2444 4715 111 31 menigte
2564 4710 172 35 portefeuilles
2747 4711 79 26 onder
2835 4714 50 25 den
2894 4721 61 21 arm,

2027 4750 26 27 in
2070 4750 31 25 de
2117 4747 170 34 vergadering
2304 4755 48 17 van
2369 4747 46 25 het
2425 4747 209 33 regterccntrum,
2644 4742 109 26 beweert
2764 4743 47 25 het
2819 4746 124 32 oppositie-

2026 4782 70 31 blad,
2112 4781 66 25 doch
2193 4780 93 25 zonder
2304 4787 27 18 er
2349 4787 46 18 een
2412 4779 89 26 enkele
2519 4779 72 32 kwijt
2607 4778 26 25 te
2649 4775 103 25 kunnen
2770 4776 86 28 raken,
2875 4779 81 24 moest

2030 4815 34 33 hij
2085 4813 83 28 weder
2186 4812 159 27 vertrekken.
2370 4811 91 26 Indien
2479 4811 39 26 dit
2533 4817 69 19 waar
2617 4808 22 25 is
2653 4814 46 18 zou
2708 4813 57 19 men
2776 4807 69 33 bijna
2852 4809 103 25 kunnen

2028 4857 67 26 gaan
2112 4846 106 30 denken,
2236 4845 45 25 dat
2298 4844 33 33 hij
2352 4844 32 26 de
2400 4839 80 31 kroon
2497 4850 50 19 van
2562 4838 174 32 Griekenland
2752 4840 26 25 ot
2794 4846 50 20 van
2855 4841 100 33 Spanje,

2028 4877 25 28 in
2069 4880 85 34 plaats
2171 4885 48 18 van
2237 4877 87 32 eenige
2342 4876 178 25 ministerieele
2539 4871 178 37 portefeuilles,
2735 4872 27 25 te
2773 4872 113 33 begeven
2896 4874 60 30 had,

2028 4911 65 27 doch
2117 4918 58 19 men
2199 4909 69 26 moet
2291 4909 54 25 niet
2363 4909 120 32 vergeten
2500 4907 46 25 dat
2562 4906 31 25 de
2611 4905 102 31 Temps,
2731 4904 46 25 het
2793 4912 98 26 orgaan
2910 4907 34 25 dei-

2028 4945 106 24 uiterste
2151 4941 162 37 linkerzijde,
2330 4941 50 25 den
2404 4941 61 25 heer
2483 4939 105 27 Ollivier
2604 4943 57 20 zeer
2676 4935 94 34 weinig
2787 4944 116 27 genegen
2921 4939 31 31 is,

2028 4985 31 17 en
2081 4976 61 32 zijne
2165 4968 209 39 moeieiijkheden
2391 4980 32 18 en
2440 4972 130 25 bezwaren
2587 4970 74 25 zeker
2676 4968 56 26 niet
2748 4967 64 28 door
2829 4980 47 17 een
2894 4980 46 18 ver-

2028 5008 126 33 kleinglas
2171 5007 57 26 ziet.
2541 5027 4 6 ,
2619 5027 4 1 .

2061 5040 106 26 Zooveel
2185 5040 21 25 is
2226 5037 86 26 echtet
2330 5035 81 31 ïeke.'r,
2430 5034 45 28 dat
2492 5034 30 27 de
2539 5035 59 26 heer
2615 5034 93 31 Bufiet,
2728 5034 30 26 de
2769 5034 189 27 iutrtekendste

2135 5069 156 33 nwoordiger
2308 5076 50 18 van
2375 5068 45 25 het
2435 5068 217 30 linker-eentruni,
2663 5067 145 32 geweigerd
2826 5068 72 26 heeft
2911 5068 35 25 zit-

2028 5105 59 33 ting
2109 5106 26 25 te
2161 5111 91 19 nemen
2275 5101 27 25 in
2321 5101 45 25 het
2382 5100 98 26 nieuwe
2497 5099 146 26 ministerie.
2669 5098 39 26 De
2726 5100 107 31 Palrie,
2852 5100 40 26 die
2911 5100 46 27 het

2029 5133 261 30 ministerie-Ollivier
2313 5133 54 24 met
2383 5132 31 25 de
2431 5132 157 31 levendigste
2604 5131 194 32 toejuichingen
2815 5134 142 30 ontvangt,

2028 5170 70 24 deelt
2115 5169 39 24 dit
2170 5166 102 26 bericht
2287 5164 73 27 mede
2376 5172 32 18 en
2422 5164 104 33 betuigt
2539 5157 66 33 haar
2622 5164 144 26 leedwezen
2781 5170 61 20 over
2859 5164 40 26 dit
2909 5165 32 27 be-

2029 5200 61 25 sluit
2119 5207 48 17 van
2193 5199 47 25 den
2263 5197 61 26 heer
2341 5197 100 31 Buffet,
2460 5197 111 25 hetwelk
2587 5196 46 26 het
2650 5196 60 26 blad
2727 5196 54 26 niet
2800 5197 156 32 onduidelijk

2029 5232 136 30 verklaart,
2184 5231 45 25 dat
2246 5237 45 18 zoo
2308 5229 216 33 onparlementair
2539 5229 119 33 mogelijk
2676 5228 27 27 is,
2722 5229 64 26 daar
2800 5229 34 33 hij
2854 5230 32 25 de
2902 5237 41 18 ver-

2028 5263 222 37 tegenwoordiger
2272 5262 22 26 is
2319 5268 51 19 van
2385 5262 45 26 het
2445 5262 229 28 linker-centrum,
2692 5262 47 25 dat
2753 5268 45 19 een
2817 5262 76 31 groot
2909 5269 32 25 ge-

2029 5298 84 27 deelte
2138 5295 128 27 uitmaakt
2290 5300 48 20 Van
2363 5294 39 28 de.
2419 5291 176 28 meerder'ieid
2621 5296 31 22 cii
2676 5293 47 25 dus
2747 5289 27 28 in
2796 5289 46 30 hot
2858 5288 98 32 nieüWo

2028 5327 139 30 ministerie
2189 5326 254 33 vertegenwoordigd
2459 5327 69 25 moet
2544 5323 109 27 worden.

2060 5363 38 25 De
2122 5359 221 35 imperialistische
2361 5356 109 31 bladen,
2487 5357 40 26 die
2544 5357 46 25 het
2604 5356 156 33 persoonlijk
2776 5365 81 25 gezag
2872 5357 85 25 steeds

2027 5394 40 25 uit
2098 5394 25 25 al
2148 5393 52 27 hun
2219 5392 92 26 kracht
2329 5391 171 26 ondersteund
2518 5388 116 30 hebben,
2650 5388 93 32 volgen
2761 5389 45 24 het
2823 5389 133 37 keizerrijk

2029 5425 26 26 in
2073 5425 25 26 al
2107 5426 64 31 zijne
2187 5424 157 33 lotgevallen
2362 5431 31 17 en
2412 5422 187 25 ondersteunon
2614 5428 35 17 nu
2665 5422 54 22 met
2734 5421 208 32 prijzenswaardi-

2027 5465 50 25 gen
2094 5458 63 32 ijver
2174 5457 45 26 het
2230 5454 156 31 hervormde
2404 5452 230 35 regeeringstelsel.
2660 5452 60 26 Men
2737 5452 113 38 begrijpt
2868 5454 89 26 echter

2027 5490 48 26 hoe
2092 5490 99 33 pijnlijk
2209 5490 59 25 deze
2285 5487 154 33 plotselinge
2454 5484 171 33 verandering
2641 5492 50 17 van
2707 5484 123 32 politieke
2843 5485 113 33 richting

2027 5529 63 19 voor
2109 5522 73 26 velen
2199 5522 99 25 hunner
2315 5519 48 33 zijn
2380 5519 85 28 moet,
2481 5525 32 18 en
2529 5524 57 18 men
2604 5517 38 25 zal
2660 5516 120 26 derhalve
2797 5517 32 25 de
2844 5518 112 31 sierlijke

2026 5555 71 31 wijze
2121 5554 176 30 waardeeren,
2314 5559 102 24 waarop
2434 5551 30 25 de
2481 5550 91 26 Patrie
2588 5555 50 20 Vau
2656 5548 48 27 den
2722 5545 66 30 nood
2806 5558 45 17 een

2026 5585 97 25 maakt,

2148 5614 112 35 ernstige
2277 5615 100 30 bladen,
2396 5613 39 27 die
2453 5621 47 19 aan
2511 5613 30 26 de
2552 5610 126 35 belangen
2696 5620 50 19 van
2765 5614 47 26 het
2826 5614 61 26 land
2897 5614 45 26 den-

2024 5648 51 25 ken
2086 5668 5 11 ,
2115 5649 96 31 prijzen
2236 5648 50 25 den
2308 5646 70 27 brief
2398 5646 44 26 des
2465 5646 103 26 keizers.
2608 5644 50 32 Wij
2680 5646 86 25 willen
2781 5646 32 26 de
2831 5646 125 26 artikelen

2024 5679 56 26 niet
2096 5675 128 31 aanhalen
2239 5687 50 18 van
2306 5680 50 25 den
2374 5679 216 27 Conslitutionnel;
2608 5683 48 17 van
2676 5679 24 24 Ie
2715 5679 98 31 Peuple
2833 5679 124 26 Francais

2026 5720 31 18 en
2076 5713 45 25 der
2138 5712 93 26 andere
2246 5712 158 32 dagbladen,
2428 5707 56 31 die,
2500 5715 63 18 even
2580 5707 38 26 als
2634 5708 57 33 wij,
2708 5708 137 35 toegewijd
2861 5715 51 21 aan
2927 5711 31 27 de

2024 5745 146 32 keizerlijke
2186 5744 181 31 instellingen,
2385 5744 54 26 met
2454 5748 46 19 een
2517 5747 69 19 waar
2601 5748 131 28 genoegen
2748 5743 57 26 elke
2823 5743 66 27 daad
2904 5744 41 26 toe-

2023 5776 105 33 juichen
2139 5796 5 11 ,
2161 5777 40 25 die
2218 5774 118 34 geschikt
2350 5776 22 25 is
2391 5783 40 19 om
2448 5773 39 26 die
2512 5772 164 33 instellingen
2700 5774 107 26 hechter
2823 5777 27 25 te
2867 5777 92 25 maken

2023 5803 33 32 'en
2079 5809 63 26 haar
2160 5816 46 19 een
2222 5809 116 25 nieuwen
2354 5807 91 25 luister
2460 5807 25 22 te
2503 5812 96 24 geven,

2060 5842 54 24 Wie
2133 5848 46 18 zou
2194 5848 46 17 een
2254 5841 60 31 jaar
2329 5839 106 31 geleden
2453 5837 52 27 ooit
2520 5835 112 33 gedacht
2641 5837 109 31 hebben,
2767 5839 46 26 dat
2824 5841 31 26 de
2867 5841 92 26 Patrie

2024 5872 64 26 vóór
2107 5876 9 22 1
2131 5872 58 26 Jan.
2209 5875 63 24 1870
2288 5871 50 26 den
2354 5868 211 35 parlementairen
2585 5869 207 33 regeeringvorrn
2806 5881 33 22 op
2849 5874 31 25 de
2889 5872 57 25 koel-

2026 5904 144 33 bloedigste
2194 5903 71 30 wijze
2376 5903 116 25 nieuwen
2647 5909 47 18 zou
2715 5901 125 34 genoemd
2857 5904 100 26 hebben

2026 5944 50 18 van
2092 5937 46 25 het
2154 5936 98 24 tweede
2270 5935 139 31 keizerrijk.

2059 5968 61 30 W.at
2138 5969 102 24 moeten
2256 5967 30 25 de
2302 5967 146 26 redacteurs
2465 5972 48 20 van
2530 5963 31 26 de
2578 5966 92 26 Palrie
2687 5973 61 19 eene
2767 5975 190 26 onaangename

2027 6000 219 32 gewaarwording
2261 5999 185 31 ondervinden,
2464 5999 37 26 als
2517 5996 30 32 zij
2563 5998 87 26 hunne
2667 6000 89 31 vorige
2772 6000 172 27 hoofd-artike-

2028 6032 40 26 len
2086 6039 51 26 nog
2154 6039 59 18 eens
2230 6031 78 26 onder
2324 6031 31 25 de
2374 6039 81 25 oogen
2469 6030 105 35 krijgen.

2060 6066 38 24 De
2117 6066 89 30 Temps
2226 6063 117 26 verhaalt
2369 6072 59 18 eene
2453 6060 149 35 vergissing,
2627 6061 81 27 welke
2734 6064 31 26 de
2791 6064 61 27 heer
2877 6064 81 27 Emile

2028 6096 107 26 Ollivier
2152 6096 100 25 maakte
2270 6096 60 25 toen
2347 6096 35 31 hij
2393 6096 48 26 den
2451 6093 69 27 brief
2535 6093 53 25 des-
2596 6093 97 27 keizers
2711 6097 116 33 ontving.
2844 6098 41 31 Hij
2897 6098 63 32 ging

2028 6128 176 34 onmiddellijk
2220 6126 39 26 uit
2277 6135 40 18 om
2336 6126 45 27 het
2398 6126 100 27 bericht
2506 6125 72 25 mede
2596 6126 26 24 te
2637 6128 90 25 deelen
2744 6136 48 19 aan
2803 6130 63 32 zijne
2876 6129 67 26 ambt-

2028 6162 126 31 genooten
2174 6155 54 31 'van
2254 6159 45 25 het
2321 6159 233 28 rechtercentrum,
2572 6157 41 26 die
2627 6158 67 32 juist
2711 6168 61 20 eene
2787 6162 174 33 vergadering

2028 6193 103 26 hielden
2148 6194 26 25 in
2193 6193 45 24 het
2252 6191 81 26 Hotel
2359 6193 34 25 du
2419 6193 115 26 Louvre;
2558 6190 34 32 hij
2619 6191 113 33 vergiste
2747 6194 59 26 zich
2824 6195 87 26 echter
2929 6201 32 20 en

2028 6224 50 32 liep
2095 6226 45 24 bet
2159 6223 87 27 Grand
2272 6223 78 26 Hotel
2368 6223 110 28 binnen,
2494 6227 70 19 waar
2584 6221 51 26 het
2652 6223 203 30 linkercentrum
2871 6234 76 26 verga-

2028 6256 85 26 derde.
2130 6256 44 32 Hij
2191 6256 52 25 had
2258 6256 51 32 zijn
2324 6254 171 27 rechterhand
2513 6261 61 18 voor
2593 6254 48 33 zijn
2659 6255 85 27 linker
2761 6260 154 32 aangezien,
2930 6269 31 17 en

2028 6287 31 25 de
2076 6287 196 32 verwondering
2289 6295 48 17 van
2348 6288 45 24 het
2401 6286 198 27 linkercentrum
2610 6288 67 26 werd
2696 6288 96 27 slechts
2800 6293 161 32 geëvenaard

2028 6319 64 26 door
2108 6320 40 25 die
2166 6327 50 17 van
2233 6319 48 26 den
2298 6319 61 26 heer
2376 6318 113 27 Ollivier.

2059 6351 57 25 Met
2140 6352 89 33 groote
2255 6351 162 26 beleefdheid
2440 6348 69 26 werd
2535 6348 34 34 hij
2596 6351 89 26 echter
2701 6352 64 27 door
2783 6354 89 33 eenige
2890 6356 56 33 afge-

2027 6377 159 39 vaardigden
2203 6384 162 35 ontvangen,
2382 6391 31 17 en
2430 6390 34 17 na
2479 6389 46 17 een
2542 6384 110 31 gesprek
2667 6392 51 17 van
2735 6386 87 32 eenige
2845 6389 117 25 minuten

2027 6413 39 25 las
2083 6415 34 33 hij
2138 6416 47 25 den
2203 6415 162 32 keizerlijken
2382 6413 71 27 brief
2464 6420 69 18 voor.

2059 6446 43 31 Hij
2120 6446 109 32 ontving
2246 6448 31 24 do
2302 6445 259 31 gelukwenschingen
2587 6454 47 18 van
2666 6448 45 25 het
2744 6450 219 33 linkercentrum;

2029 6476 30 27 de
2068 6477 131 32 president
2207 6475 129 28 bedankte
2346 6478 59 25 hem
2413 6484 63 19 voor
2483 6476 50 33 zijn
2542 6476 116 30 beleefde
2667 6481 185 35 mededeeliug,
2859 6491 103 25 waarop

2028 6509 34 33 bij
2081 6510 50 32 zijn
2148 6510 112 25 afscheid
2280 6519 66 22 nam,
2365 6519 31 18 en
2412 6517 63 18 naar
2491 6509 31 26 de
2541 6513 171 30 vergadering
2728 6522 50 18 van
2794 6509 41 32 hei
2852 6522 14 19 n

2027 6542 137 40 centrum^
2164 6542 110 26 vertrok.
2290 6543 69 25 Deze
2370 6542 143 32 vergissing
2522 6542 51 26 had
2593 6543 57 25 hem
2665 6541 89 31 echter
2770 6548 129 24 volstrekt
2908 6548 54 25 niet

2027 6573 41 27 uit
2081 6569 193 46 a^Bfentrum
2298 6574 132 33 gebracht,
2457 6581 31 18 en
2512 6573 34 33 hij
2574 6575 91 26 deelde
2689 6578 189 33 glimlachende
2896 6580 64 31 zijne

2028 6601 145 38 vergr^l^
2197 6607 72 25 mede
2289 6615 48 18 aan
2355 6608 45 25 het
2417 6607 227 26 rechtercentruni.

2059 6638 39 25 De
2114 6633 63 28 heer
2192 6639 30 25 de
2242 6639 119 30 Forcade,
2379 6639 31 25 de
2427 6639 165 28 ex-minister,
2604 6639 40 27 die
2655 6640 50 26 alle
2715 6644 89 24 centra
2813 6644 107 27 schuwt,
2931 6650 31 17 en

2027 6669 57 27 zich
2100 6677 48 18 aan
2169 6669 30 27 de
2207 6670 107 27 uiterste
2323 6670 167 34 rechterzijde
2500 6671 164 34 vastklampt,
2673 6672 22 26 is
2705 6673 39 25 als
2751 6673 142 27 kandidaat
2901 6679 63 18 voor

2027 6703 45 24 het
2089 6700 159 33 Wetgevend
2265 6703 139 31 Ligchaam
2419 6703 157 32 opgetreden
2584 6712 64 19 voor
2655 6705 46 26 het
2711 6705 177 32 departement
2898 6704 65 25 /'Lot

2027 6733 26 25 et
2222 6733 39 30 De
2278 6733 61 27 heer
2347 6733 32 26 de
2387 6735 161 35 LangsdorfF,
2557 6744 45 19 een
2611 6737 112 32 parijsch
2732 6737 136 26 adrokaat,
2877 6733 85 26 treedt

2994 1290 32 28 pp
3043 1283 39 25 als
3099 1281 141 26 kandidaat
3256 1280 45 28 der
3317 1281 125 28 liberalen
3459 1291 32 19 en
3496 1291 54 27 zijn
3559 1283 76 28 adres
3644 1291 50 20 aan
3703 1281 31 30 de
3742 1284 98 27 kiezers
3856 1285 77 32 is>oo

2994 1311 98 38 bijteild
3102 1315 128 33 mege'ük.
3249 1316 45 26 /.Ik
3305 1316 48 25 ben
3365 1316 65 32 juist
3438 1317 45 25 het
3496 1318 254 32 tegenovergestelde
3761 1326 48 17 van
3822 1326 45 17 een
3878 1310 43 34 öfï-

2994 1346 94 27 cieelen
3106 1343 149 31 kandidaat.
3285 1345 64 35 Mijii
3366 1349 190 33 tegenstander,
3567 1350 31 25 de
3617 1351 61 25 heer
3696 1350 30 25 de
3744 1350 129 32 Porcade,
3893 1350 39 27 die

2994 1389 67 17 uom
3072 1388 53 18 uwe
3135 1382 124 24 stemmen
3267 1382 131 30 verzoekt,
3415 1382 21 25 is
3444 1382 46 26 liet
3497 1382 156 33 persoonlijk
3661 1383 208 33 gouvernement,
3888 1382 45 27 dat

2994 1414 40 25 uit
3059 1414 45 25 het
3122 1414 103 25 venster
3240 1421 136 26 geworpen
3392 1414 21 26 is
3431 1422 31 18 en
3480 1414 63 26 door
3559 1414 30 26 de
3607 1415 63 25 deur
3686 1422 67 18 weer
3770 1416 89 25 tracht
3875 1414 44 27 bin-

2996 1453 47 19 nen
3065 1446 24 26 te
3111 1446 96 25 komen,
3235 1448 59 24 -kien
3314 1447 40 25 wil
3373 1455 51 18 van
3441 1447 46 26 het
3504 1447 178 34 departement
3699 1447 51 26 Lot
3765 1447 26 27 et
3814 1448 118 26 Garonne

3105 1480 17 21 ie
3142 1479 204 33 mannetjeshuis
3372 1479 99 32 maken,
3490 1487 46 18 een
3553 1480 61 26 asiel
3632 1487 63 18 voor
3712 1481 111 31 hetgeen
3834 1480 83 26 Frank-

2994 1511 52 33 rijk
3060 1512 136 31 verwerpt.
3223 1509 59 28 Men
3301 1513 137 26 overhaast
3456 1513 105 26 daarom
3573 1513 30 26 de
3614 1512 155 34 verkiezing,
3778 1520 58 19 men
3846 1513 87 25 tracht

2995 1552 17 17 u
3022 1546 24 22 te
3065 1551 131 18 verrassen
3215 1552 31 17 en
3262 1550 58 21 men
3339 1546 43 24 wil
3399 1553 17 17 u
3432 1545 50 26 den
3498 1546 48 33 tijd
3562 1546 56 25 niet
3633 1550 83 28 geven
3731 1548 34 21 ila
3782 1546 27 25 te
3826 1546 107 28 denken,

2994 1584 33 18 en
3041 1577 54 24 met
3116 1576 122 26 elkander
3255 1578 25 25 te
3299 1577 161 34 raadplegen,
3477 1578 65 26 wien
3559 1579 26 25 te

3030 1609 51 22 Het
3098 1609 113 25 Jouraat
3227 1611 44 24 des
3288 1611 94 25 Débuts
3399 1611 87 25 noemt
3496 1611 47 25 den
3561 1607 69 30 brief
3645 1611 44 25 des
3705 1611 97 26 keizers
3819 1618 50 18 aan
3883 1609 50 26 den

2996 1641 60 24 heer
3081 1639 83 26 EiilHe
3198 1638 109 30 Gllivier
3324 1651 46 17 een
3386 1643 60 25 echt
3464 1643 228 26 konstitutioneele
3710 1643 73 25 daad.
3810 1643 37 24 De
3865 1642 69 25 lieer

2995 1671 122 25 Lemoine
3133 1671 66 31 ziet,
3219 1681 63 17 even
3300 1672 39 26 als
3357 1675 39 31 wij
3415 1675 115 31 gisteren
3546 1676 164 31 opmerkten,
3731 1683 46 17 een
3796 1683 56 17 zeer
3868 1681 50 25 gun-

2995 1703 53 32 stig
3066 1703 91 26 teeken
3174 1703 28 26 in
3219 1703 31 26 de
3267 1704 66 26 daad
3350 1706 43 26 des
3409 1704 104 32 keizers,
3531 1713 41 19 cm
3589 1707 51 34 zijn
3657 1707 159 33 prerogatief
3830 1714 60 18 over
3907 1707 26 24 te

2995 1735 96 30 dragen
3117 1743 47 15 aan
3191 1735 47 25 den
3268 1737 69 24 lieer
3361 1739 109 25 Ollivier
3496 1739 39 25 als
3552 1735 79 30 hoofd
3647 1742 51 22 Van
3698 1744 1 4 1
3716 1740 46 25 het
3777 1739 107 26 kabinet
3901 1747 32 18 en

3076 1766 77 26 dezen
3170 1766 31 26 de
3217 1768 130 25 ministers
3364 1770 26 22 te
3410 1769 70 24 laten
3498 1770 96 22 kiezen.

3203 1800 41 24 wil
3262 1807 46 18 een
3325 1800 141 32 homogeen
3484 1801 157 32 ministerie;
3654 1809 72 18 maar
3737 1811 45 18 een
3790 1801 144 33 homogeen

3093 1835 1 14 :
3120 1830 50 22 kan
3187 1830 96 26 slechts
3299 1832 45 25 het
3361 1832 126 25 resultaat
3513 1834 51 31 ziju
3582 1841 47 19 van
3648 1835 109 31 partijen
3769 1854 5 9 ,
3797 1834 39 25 «li'
3855 1834 78 31 gelijk

2996 1859 105 26 denken.
3120 1860 39 25 En
3176 1867 34 18 nu
3228 1860 60 25 doet
3305 1863 56 25 zich
3378 1864 30 25 de
3426 1872 80 24 vraag
3524 1872 76 19 voor:
3611 1865 65 26 welk
3694 1865 240 33 sclicuwspelhiedt

2996 1893 52 27 Ótfs-
3060 1893 30 25 de
3113 1892 90 27 kamer
3220 1903 50 17 aan
3286 1903 32 24 op
3335 1894 45 26 het
3398 1896 152 33 oogenbiik,
3578 1897 46 26 dat
3648 1898 31 32 zij
3706 1905 61 19 voor
3793 1897 47 27 het
3865 1898 73 26 eerst,

2996 1933 50 17 aan
3063 1924 57 26 zich
3136 1924 70 26 zelve
3223 1926 164 38 overgelaten
3404 1928 43 26 kï
3480 1929 39 25 De
3544 1930 111 32 partijen
3681 1930 48 33 zijn
3756 1930 180 33 uiteengesjiat

2996 1965 32 18 en
3045 1956 27 27 in
3087 1956 39 26 tal
3144 1965 48 17 van
3210 1957 112 26 fraktiën
3340 1957 185 33 verbrokkeld,
3544 1956 71 31 even'
3624 1962 38 25 als
3680 1970 45 18 een
3743 1962 71 26 werk
3823 1969 48 18 van
3880 1970 37 17 mo-

2996 1990 86 31 zaïek,
3100 1989 46 26 dat
3164 1997 31 25 op
3213 1990 50 26 den
3286 1991 84 33 grond
3394 1993 21 26 is
3439 1994 126 33 gevallen.
3602 1994 83 27 *Tüü2
3709 1994 38 27 les
3771 1995 100 26 eentres
3896 1995 38 33 s'y

2996 2023 137 31 trouvent,
3152 2023 103 32 excepté
3272 2023 24 26 Ie
3314 2024 86 25 centre
3419 2024 31 26 de

3032 2054 111 26 /'Daarin
3159 2054 31 32 is,
3206 2063 65 18 naar
3286 2056 41 33 wij
3345 2056 132 33 gelooven,
3494 2057 31 27 de
3542 2059 79 26 eersie
3639 2067 32 19 en
3687 2061 91 32 groote
3794 2056 128 37 moeielijk-

2998 2086 59 26 lleid
3081 2087 124 33 gelegen,
3231 2088 80 25 welke
3334 2088 30 26 de
3381 2091 148 33 toepassing
3546 2092 45 26 der
3607 2093 98 25 nieuwe
3723 2093 155 26 staatkunde
3895 2092 40 26 zal

2998 2119 181 26 ondervinden,
3210 2119 37 26 Er
3270 2127 22 19 is
3317 2121 97 32 gebi'ek
3439 2132 48 17 aan
3509 2132 118 18 mannen.
3661 2125 47 27 Uit
3726 2125 59 26 dien
3803 2125 92 27 hoofde
3912 2125 22 26 is

2998 2152 45 26 het
3069 2152 136 25 misschien
3228 2153 27 25 te
3283 2153 152 32 betreuren,
3462 2156 46 25 dat
3531 2163 58 19 men
3613 2157 48 26 het
3687 2157 133 34 engelsche
3847 2158 89 25 stelsel

2998 2185 56 26 niet
3077 2185 44 25 ten
3146 2185 73 26 einde
3246 2185 43 26 toe
3313 2185 72 28 heeft
3400 2187 129 34 gevolgd;
3547 2189 46 26 dat
3608 2197 60 19 men
3683 2190 120 34 namelijk
3821 2198 50 19 aan
3886 2190 50 25 den

2999 2217 100 26 eersten
3123 2217 117 26 minister
3266 2225 65 26 geen
3354 2219 145 34 algemeene
3526 2220 136 32 funktie'n,
3678 2224 94 26 zonder
3791 2222 144 33 bijzondere

2999 2250 161 30 attributen,
3193 2250 72 26 heeft
3296 2258 123 25 gegeven.
3452 2252 39 27 De
3521 2261 131 30 overgang
3677 2263 63 24 zou,
3765 2256 86 26 indien
3876 2263 59 18 men

3000 2290 46 18 een
3069 2282 117 26 minister
3211 2289 48 19 van
3285 2284 86 31 staat,
3387 2284 85 26 belast
3489 2287 54 25 met
3560 2287 30 25 de
3609 2287 98 34 leiding
3724 2296 31 17 en
3772 2289 30 25 de
3823 2288 99 25 verdedi-

3000 2315 63 40 ging
3087 2322 50 18 van
3161 2314 31 26 de
3217 2315 148 33 algemeene
3387 2317 156 27 staatkunde
3570 2317 45 27 der
3632 2320 151 35 regeeriug,
3800 2320 136 27 behouden

3000 2343 65 33 had,
3091 2347 201 33 gemakkelijker
3319 2348 48 33 zijn
3394 2353 118 27 geweest.
3548 2352 80 25 Eniilo
3656 2352 109 27 Ollivier
3790 2353 50 25 kan
3859 2361 27 18 er
3904 2361 32 24 op

3000 2380 119 30 rekenen,
3137 2379 45 26 dat
3198 2379 32 27 de
3248 2380 51 26 last
3317 2388 50 18 van
3384 2381 50 27 den
3450 2382 219 33 parlementairen
3679 2385 74 33 strijd
3764 2385 69 33 bijna
3844 2386 91 33 geheel

3000 2419 32 25 op
3058 2412 58 25 hem
3138 2412 40 25 zal
3195 2413 97 30 rusten,
3309 2421 32 18 en
3360 2413 31 27 do
3410 2415 145 32 bijzondere
3573 2417 241 28 werkzaamheden,
3831 2426 50 18 aan
3898 2418 39 26 dit

3001 2445 27 24 of
3052 2444 45 25 dat
3113 2444 180 33 departement
3309 2446 155 32 verbonden,
3482 2448 104 26 kunnen
3604 2448 71 26 alzoo
3693 2450 50 33 zijn
3759 2451 111 33 vrijheid
3886 2459 51 18 van

3000 2476 128 27 handelen
3145 2477 96 26 slechts
3260 2478 180 33 belemmeren,
3458 2489 32 19 on
3506 2490 63 17 eene
3587 2481 70 31 taak,
3674 2491 33 25 op
3718 2483 56 26 zich
3784 2483 70 27 zelve
3863 2484 73 26 reeds

3000 2516 57 19 zeer
3074 2509 133 33 moeielijk,
3226 2517 154 20 verzwaren.

3048 2541 90 26 Emilie
3157 2542 106 27 Ollivier
3289 2543 39 26 zal
3353 2544 50 25 ook
3420 2552 52 25 nog
3489 2545 54 25 met
3563 2545 94 26 andere
3680 2546 211 33 moeielijkheden
3909 2549 26 25 te

3000 2574 109 32 kampen
3126 2575 109 26 hebben.
3262 2576 71 26 Door
3348 2576 51 33 zijn
3416 2578 76 32 groot
3509 2577 84 26 talent
3605 2587 128 26 geroepen
3748 2581 43 26 tot
3808 2589 61 18 eene
3886 2589 33 26 po-

3001 2606 64 25 sitie,
3086 2607 79 24 welke
3183 2608 25 24 in
3227 2615 45 18 een
3283 2609 46 32 vrij
3348 2609 60 25 land
3426 2609 39 26 als
3481 2609 31 26 de
3530 2611 201 32 aanzienlijkste,
3748 2613 39 25 als
3806 2614 30 25 de
3854 2615 69 24 schit-

3001 2639 129 26 terendste
3148 2639 155 28 beschouwd
3319 2641 98 32 wordt,
3445 2642 48 26 kan
3520 2643 35 32 hij
3574 2643 54 26 niet
3646 2644 99 33 hopen,
3772 2646 46 26 dat
3835 2646 35 32 hij
3889 2654 47 19 aan

3000 2670 48 25 den
3066 2672 54 33 nijd
3137 2686 31 5 —
3185 2673 40 25 die
3244 2674 215 34 onvermijdelijke
3478 2676 51 25 wet
3544 2670 32 25 '—
3595 2678 39 25 zal
3651 2679 168 33 ontsuappen.
3837 2680 41 33 Hij
3898 2680 39 26 zal

3001 2702 47 27 dus
3073 2704 27 26 in
3125 2704 30 26 de
3181 2706 230 32 personenkw.estie
3437 2708 38 25 tal
3493 2718 51 15 van
3560 2709 170 33 hinderpalen
3755 2712 182 27 ondervinden.

3001 2735 41 32 Hij
3061 2737 39 25 zal
3118 2745 33 24 op
3168 2738 51 32 zijn
3235 2745 57 26 weg
3308 2740 94 25 zoowel
3420 2741 137 33 wrevelige
3576 2750 32 18 en
3625 2740 148 37 afgunstige
3790 2745 93 31 lieden,
3901 2746 37 26 als

3001 2767 148 30 weifelende
3165 2778 33 17 en
3215 2771 214 34 schroomvallige
3446 2773 100 27 vinden.
3565 2774 35 26 Er
3609 2776 85 26 zullen
3711 2785 110 19 mannen
3831 2778 57 32 zijn,
3898 2778 40 26 die

3000 2807 94 25 gaarne
3113 2810 59 17 eene
3185 2804 163 35 portefeuille
3357 2804 39 26 uit
3406 2806 99 25 handen
3516 2807 44 25 des
3575 2807 97 26 keizers
3683 2809 97 26 zonden
3789 2817 148 26 aannemen,

3000 2842 72 17 maar
3090 2833 40 26 die
3148 2836 94 32 weinig
3257 2837 103 32 gevleid
3385 2838 66 38 zijn,
3476 2839 39 26 als
3533 2838 109 28 Üllhier
3658 2842 54 25 bun
3729 2850 61 19 eene
3808 2843 130 27 aanbiedt.

3000 2867 119 25 Anderen
3136 2867 85 26 zullen
3237 2869 79 26 onder
3334 2869 50 26 den
3400 2871 94 27 indruk
3511 2874 128 25 handelen
3648 2889 32 4 —
3687 2871 58 33 die,
3763 2876 45 25 het
3817 2877 69 25 moet
3896 2885 28 24 ge-

3000 2898 64 32 zegd
3081 2898 118 33 worden,
3217 2902 46 32 vrij
3283 2902 131 33 algemeen
3432 2904 21 26 is
3471 2921 31 2 —
3520 2904 45 27 dat
3581 2914 59 19 men
3659 2915 61 18 eene
3737 2908 99 27 nieuwe
3855 2909 70 33 proef-

3000 2939 104 25 neming
3120 2934 63 31 gaat
3201 2941 104 26 wagen,
3324 2935 45 26 dat
3387 2936 43 28 die
3445 2939 177 34 proefneming
3638 2941 142 33 gevaarlijk
3798 2941 37 31 is,
3854 2950 30 17 en
3894 2941 44 26 dat

3000 2970 39 24 zij,
3057 2966 39 22 die
3115 2972 27 17 er
3163 2966 44 25 het
3224 2968 81 24 eerste
3324 2969 129 33 werktuig
3470 2979 48 18 van
3537 2973 48 32 zijn
3596 2993 6 9 ,
3615 2980 28 18 er
3653 2973 48 26 ook
3712 2973 30 26 de
3752 2975 66 25 eerst

3000 2996 74 24 otlers
3092 3005 50 17 van
3159 2998 84 26 zullen
3261 3006 92 20 wezen.
3372 3001 34 33 Zij
3422 3002 87 26 willen
3519 3013 83 17 —om
3617 3013 46 18 ons
3679 3013 50 18 van
3746 3013 43 15 cc-
3819 3002 99 28 gomeen-

3000 3035 70 17 zame
3087 3030 170 32 uitdrukking
3274 3034 27 24 te
3318 3032 165 27 bedienen—
3497 3035 45 26 dat
3559 3038 97 24 Varken
3672 3038 50 22 v^-'■
3742 3028 135 25 waSschen.
3896 3028 38 24 De

3000 3069 80 25 vraag
3097 3061 21 26 is
3136 3061 63 28 dus:
3216 3072 47 19 wie
3281 3065 40 27 zal
3338 3065 57 27 zich
3404 3066 46 27 het
3467 3070 67 25 eerst
3543 3069 100 26 aan-
3658 3061 67 24 werk
3742 3059 109 26 zetten?
3859 3060 76 25 Maar

3000 3093 41 32 wij
3059 3102 61 19 voor
3136 3103 48 21 .ons
3201 3098 51 32 zijn
3269 3105 32 27 op
3318 3099 46 26 dat
3381 3103 65 30 punt
3462 3100 27 25 in
3506 3103 96 28 £;«x«en
3618 3092 71 27 deele
3707 3092 138 34 ongerust.'

3031 3123 40 28 De
3096 3126 63 26 heer
3182 3129 164 28 Haussmann
3371 3132 39 25 zal
3436 3125 197 32 v.-.*arscliTJulijk
3658 3126 38 24 als
3717 3125 102 31 prefekt
3836 3133 48 17 van
3902 3124 32 26 de

3001 3156 73 30 Seine
3092 3167 145 28 vervangen
3256 3164 100 25 worden
3374 3163 63 21 door
3452 3158 52 25 den
3520 3157 103 33 prefekt
3639 3164 51 19 van
3706 3158 79 31 Lyon.
3811 3157 67 25 Deze
3895 3156 39 26 zal

3000 3190 26 25 in
3035 3191 46 25 het
3090 3191 273 34 gehausmanniscierde
3380 3190 83 33 Parijs
3478 3197 53 26 nog
3546 3189 57 26 vele
3619 3189 80 26 zaken
3716 3190 26 25 te
3759 3189 65 26 doen
3834 3189 100 25 vinden.

3000 3223 50 26 Zoo
3076 3223 70 31 lezen
3172 3227 39 30 wij
3239 3224 34 32 bij
3291 3223 138 26 voorbeeld
3445 3223 27 25 in
3490 3230 47 18 een
3554 3222 46 26 der
3617 3222 162 32 dagbladen,
3796 3222 46 25 dat
3859 3222 27 25 in
3905 3221 30 26 de

2999 3255 139 30 hoofdstad
3155 3256 45 27 der
3219 3255 151 27 beschaafde
3387 3254 94 28 wereld
3498 3262 52 26 nog
3570 3257 60 22 1539
3648 3254 154 32 olielampen
3819 3254 32 26 de
3865 3254 57 25 stra-

3000 3289 46 26 ten
3061 3291 26 24 in
3104 3291 31 25 de
3146 3288 156 33 'afgelegene
3322 3289 91 31 wijken
3432 3288 150 25 verlichten.
3608 3287 39 26 De
3663 3282 116 30 bekende
3791 3287 143 31 lantaarns,

3001 3322 39 24 die
3057 3321 27 25 in
3100 3322 46 25 liet
3163 3320 104 28 luidden
3287 3321 46 26 der
3348 3320 84 27 straat
3449 3319 97 33 kingen
3562 3326 32 19 en
3609 3319 53 26 met
3679 3319 104 25 touwen
3791 3326 32 17 en
3841 3319 81 32 hijsch-

2999 3353 113 26 blokken
3137 3363 32 24 op
3194 3363 31 17 en
3250 3353 79 26 neder
3347 3353 104 25 worden
3467 3353 120 32 gelaten,
3604 3351 109 27 bestaan
3728 3358 58 26 nog.
3820 3350 31 26 In

3001 3385 98 32 goeden
3116 3387 84 24 ouden
3298 3385 65 32 hing
3374 3393 63 18 men
3454 3392 28 19 er
3498 3385 31 26 de
3546 3384 142 33 royalisten
3705 3391 47 18 aan
3771 3391 40 22 op,
3829 3391 32 15 en
3872 3391 30 17 »a
3909 3384 26 24 la

3162 3426 53 18 was
3233 3425 46 19 een
3296 3418 73 25 kreet
3387 3417 41 26 die
3446 3424 59 19 men
3522 3417 26 25 te
3557 3417 66 25 vaak
3633 3416 104 26 hoorde.
3754 3416 32 24 Li
3795 3411 46 30 het
3850 3415 85 33 hartje

3001 3461 47 15 van
3069 3451 81 32 Parijs
3165 3452 100 30 hangen
3285 3458 51 24 nog
3351 3454 48 25 714
3407 3458 50 18 van
3477 3450 190 32 die|lantaarns,
3685 3448 40 26 die
3743 3456 48 18 aan
3809 3448 46 26 het
3863 3455 58 19 revo-

3000 3478 138 31 lutionaire
3155 3483 61 25 blad
3233 3490 50 18 van
3300 3483 48 26 den
3367 3483 60 25 heer
3445 3482 69 26 Poch
3527 3483 57 22 -fort
3602 3482 47 24 den
3669 3489 76 17 naam
3759 3488 94 25 gaven,
3873 3489 46 17 zoo-

3000 3515 45 26 dat
3069 3523 60 18 men
3154 3515 33 32 bij
3214 3522 61 19 eene
3292 3514 172 33 toekomstige
3481 3514 125 26 revolutie
3625 3520 52 25 nog
3693 3513 27 24 in
3737 3515 69 21 staat,
3824 3513 39 24 zal
3882 3511 48 26 zün

3000 3547 87 32 eenige
3105 3547 184 33 staatkundige
3306 3547 196 32 tegenstanders
3519 3547 63 25 door
3600 3544 149 32 ophanging
3758 3544 175 32 onschadelijk

3000 3580 26 22 te
3043 3578 99 25 maken.

3031 3611 37 25 Er
3083 3609 22 25 is
3123 3609 83 25 weder
3224 3618 45 17 een
3287 3609 84 25 nieuw
3387 3609 61 32 plan
3465 3617 50 18 aan
3530 3608 31 26 de
3578 3607 71 26 hand
3666 3606 168 40 gedaan-'eom^
3843 3606 30 25 de
3886 3606 48 28 reis

3000 3641 119 25 tusschen
3138 3640 136 32 Frankrijk
3291 3650 32 17 en
3339 3641 135 32 Engeland
3490 3643 26 24 te
3534 3641 145 28 verkorten,
3691 3647 31 17 en
3735 3638 201 33 gemakkelijker

3000 3673 142 26 te-maken.
3175 3672 54 26 Een
3247 3673 103 26 fransch
3367 3673 135 32 ingenieur
3517 3673 105 32 Eugène
3648 3671 78 26 Burel
3745 3671 40 25 wil
3804 3671 66 25 noch
3888 3679 47 18 een

3000 3705 67 30 brug
3084 3705 65 25 noch
3165 3713 45 15 een
3229 3705 90 25 tuunel
3337 3706 100 28 maken,
3454 3705 66 26 doch
3537 3705 115 26 wenscht
3667 3703 144 33 eenvoudig
3828 3703 45 27 het
3889 3703 31 26 ka-

2999 3731 61 31 naal
3074 3745 32 24 op
3123 3737 27 25 te
3168 3736 94 26 vullen.
3296 3736 74 26 Niets
3392 3736 21 26 is
3433 3744 45 18 zoo
3504 3736 171 33 gemakkelijk
3692 3736 39 26 als
3748 3736 47 31 dit,
3811 3737 60 31 zegt
3889 3736 45 31 hij;

2999 3768 135 33 Engeland
3150 3768 64 26 wint
3230 3776 46 17 een
3293 3768 84 26 nieuw
3393 3769 163 33 graafschap,
3574 3768 137 33 Frankrijk
3729 3776 46 18 een
3791 3768 84 26 nieuw
3892 3768 30 26 de-

2999 3801 154 32 partement,
3170 3808 31 18 eu
3217 3801 40 31 wij
3276 3800 71 26 laten
3365 3808 45 18 een
3428 3801 105 31 kanaal,
3550 3809 46 18 een
3614 3796 133 38 engelsche
3765 3801 54 32 mijl
3837 3801 78 25 breed
3928 3821 6 6 ,

3000 3841 71 25 open,
3090 3840 69 19 waar
3176 3840 45 18 een
3237 3833 149 32 stoompont
3404 3833 56 26 elke
3478 3833 47 33 vijf
3540 3833 117 26 minuten
3674 3833 31 26 de
3725 3831 120 34 reizigers
3863 3840 57 19 over-

3000 3866 64 24 heen
3081 3866 47 24 Zet.
3157 3866 47 25 Om
3222 3865 45 25 het
3283 3865 92 25 kanaal
3394 3873 32 24 op
3443 3867 27 24 te
3487 3866 89 26 vullen
3592 3866 71 26 heeft
3679 3873 58 19 men
3754 3873 47 19 een
3817 3865 113 33 menigte

2999 3895 77 34 puin,
3102 3895 99 26 vodden
3224 3904 32 17 en
3276 3895 123 26 «rubbish
3439 3898 112 32 noodig,
3569 3906 31 18 en
3619 3898 30 25 de
3666 3898 64 26 Pall
3746 3898 67 25 Mali
3830 3898 105 25 Gazelte

2999 3928 63 26 stelt
3077 3937 70 22 voor,
3164 3928 46 25 dat
3224 3928 117 26 iedereen
3359 3927 30 27 de
3406 3928 80 28 zaken
3504 3928 63 28 daar
3583 3930 35 34 hij
3633 3938 65 26 geen
3715 3937 57 27 weg
3778 3928 72 28 mede
3860 3930 73 30 weet,

2999 3969 32 17 en
3048 3960 39 25 die
3106 3960 138 32 overtollig
3263 3960 51 32 zijn
3332 3961 144 31 geworden,
3494 3963 26 24 in
3537 3964 46 24 het
3600 3964 93 25 kanaal
3705 3970 91 26 werpe.
3813 3963 122 25 ledereen

2999 3993 72 25 heeft
3093 3992 27 26 in
3139 3992 48 32 zijn
3211 3992 59 25 huis
3296 4000 46 18 een
3360 3993 113 39 menigte
3491 3993 87 32 zaken,
3596 3994 39 26 (he
3654 4003 59 18 men
3732 3994 129 26 behoorde
3878 4002 57 25 weg

2999 4026 25 22 te
3050 4031 116 26 werpen,
3184 4024 66 25 doch
3267 4032 52 25 nog
3334 4024 85 26 steeds
3436 4026 130 28 bewaart,
3583 4028 123 26 ofschoon
3722 4028 46 26 het
3791 4026 143 26 stofnesten

2999 4057 64 32 zijn,
3089 4065 31 15 en
3145 4056 38 25 als
3208 4056 118 25 iedereen
3350 4057 51 31 zijn
3417 4057 65 26 oude
3502 4058 164 31 kwitanties,
3683 4061 51 31 zijn
3750 4059 139 25 aandeelt-n
3907 4058 27 25 in

2999 4088 217 34 maatschappijen
3253 4088 54 27 met
3347 4088 100 26 limited
3472 4089 113 34 liability
3611 4091 65 32 zijn,
3702 4091 65 26 oude
3791 4091 142 28 schoenen,

2999 4122 64 25 oude
3096 4120 150 32 meubelen,
3276 4121 38 25 als
3347 4121 30 25 de
3418 4127 102 20 romans
3562 4123 26 24 in
3617 4123 54 26 drie
3697 4123 89 26 deelen
3811 4123 39 26 die
3875 4123 60 27 hem

2999 4153 118 26 verveeld
3133 4153 110 31 hebben,
3266 4160 53 19 enz.
3338 4159 63 25 enz.,
3417 4153 28 26 in
3470 4154 47 25 het
3540 4154 94 26 kanaal
3651 4153 76 27 wilde
3744 4163 110 24 werpen,
3870 4165 47 17 zou-

3000 4185 48 27 den
3066 4185 31 33 zij
3123 4185 46 27 het
3185 4185 119 33 roemrijk
3330 4185 70 27 werk
3416 4186 43 26 tot
3474 4187 50 25 nut
3539 4192 51 20 van
3606 4186 45 26 het
3667 4187 61 26 land
3746 4195 32 18 en
3796 4187 139 27 henzelven

2998 4218 104 26 kunnen
3126 4218 163 26 bevorderen.
3324 4218 38 26 De
3387 4218 71 26 staat
3480 4218 129 27 behoorde
3628 4219 87 26 echter
3733 4220 45 25 het
3795 4219 141 27 voorbeeld

2998 4250 26 26 te
3050 4257 89 26 geven.
3171 4250 39 25 De
3235 4250 85 25 keizer
3344 4251 83 30 werpt
3446 4251 47 24 het
3517 4252 156 31 persoonlijk
3698 4259 80 24 gezag
3804 4259 72 24 weg,
3904 4252 31 25 de

2998 4283 102 35 prefekt
3123 4290 50 19 van
3198 4281 81 33 Parijs
3296 4280 130 28 behoorde
3452 4290 124 19 eveneens
3601 4283 30 26 de
3658 4283 64 26 oude
3750 4283 185 27 olielantaarns

2996 4322 27 17 ni
3048 4316 45 22 het
3117 4313 93 25 kanaal
3235 4316 26 22 te
3281 4316 100 27 Werpen
3399 4323 31 15 en
3446 4315 32 24 de
3495 4316 61 24 heer
3574 4316 107 26 Ollivier
3699 4317 80 25 moest
3798 4316 56 26 zich
3872 4316 47 26 ont-

2998 4344 70 31 doen,
3087 4354 48 18 van
3158 4344 31 27 de
3206 4344 122 26 officieele
3344 4344 195 26 kandidaturen.
3556 4346 46 25 Als
3620 4346 135 31 Engeland
3771 4348 54 24 niet
3843 4344 92 28 achter

2996 4372 84 35 bleef,
3105 4387 31 17 en
3152 4378 26 25 al
3195 4377 30 26 de
3243 4377 183 26 standbeelden
3443 4377 39 26 die
3507 4377 106 27 Londen
3632 4378 128 26 ontsieren
3777 4380 157 31 aanbracht,

2996 4416 47 19 zou
3061 4410 45 25 het
3123 4410 63 24 land
3202 4409 136 25 misschien
3366 4410 70 24 zelve
3459 4410 30 24 de
3507 4409 267 27 zeltVerloochenende
3791 4411 144 32 opoffering

2996 4440 85 30 willen
3100 4441 79 32 doen,
3198 4442 58 33 Zegt
3273 4440 31 27 de
3322 4441 63 27 Pall
3403 4441 74 31 Malt,
3494 4449 41 18 om
3550 4440 46 26 het
3615 4440 105 35 geheele
3741 4442 58 25 huis
3808 4443 45 24 der
3865 4443 70 25 lords

2996 4475 26 24 in
3041 4475 47 24 den
3109 4474 110 32 afgrond
3236 4476 26 21 te
3279 4480 102 26 werpen
3398 4480 30 18 en
3446 4473 38 26 als
3501 4474 30 25 de
3557 4474 60 26 heer
3635 4474 79 26 Burel
3732 4474 105 27 levende
3847 4482 73 26 perso-

2995 4514 51 18 nen
3063 4506 38 25 als
3288 4505 43 26 wil
3348 4512 148 24 aannemen,
3514 4512 47 19 zou
3578 4506 46 25 het
3641 4505 60 26 blad
3719 4506 54 25 niet
3791 4507 143 32 ongeneigd

2996 4539 48 32 zijn
3073 4539 60 25 hem
3158 4538 46 26 het
3229 4538 154 26 londensche
3413 4537 163 27 armbestuur
3600 4538 104 33 present
3728 4538 27 25 te
3781 4538 73 26 doen.
3887 4537 46 27 Als

2995 4571 93 26 andere
3098 4570 229 33 handeldrijvende
3335 4570 89 25 natiën
3433 4570 104 26 hethun
3547 4570 219 26 internationalen
3774 4570 159 33 plichtrekc*

2995 4611 50 18 nen
3061 4603 72 26 mede
3152 4603 26 26 te
3195 4602 102 27 werken
3306 4603 41 25 tot
3357 4602 39 26 dit
3405 4602 183 33 voortreffelijk
3596 4602 66 31 doel,
3673 4609 46 19 zou
3729 4609 57 19 men
3796 4603 136 26 misschien

2996 4636 46 25 ook
3067 4635 48 26 wel
3138 4635 27 26 in
3182 4635 149 26 Nederland
3348 4633 48 25 wel
3413 4635 89 33 eenige
3519 4633 167 34 instellingen
3702 4642 32 20 eu
3751 4635 182 27 monumenten

2995 4668 103 26 kunnen
3115 4664 103 32 vinden,
3236 4667 40 25 die
3294 4672 60 19 men
3372 4665 76 26 wilde
3465 4667 136 31 opofferen.

3330 4762 257 41 Rumenie.

3027 4819 31 25 In
3091 4818 31 27 de
3156 4818 97 26 Kamer
3287 4818 72 26 heeft
3376 4825 28 19 er
3420 4826 61 18 eeno
3501 4818 76 26 korte
3593 4818 125 26 diskussie
3744 4817 85 39 plaats
3848 4817 84 35 gehad

2996 4859 60 19 over
3073 4851 30 27 de
3119 4851 208 33 loterij-loening
3344 4850 45 27 der
3398 4851 57 26 stad
3465 4850 151 27 Bucharest.
3634 4851 39 26 De
3690 4851 118 26 minister
3816 4859 48 18 van
3875 4851 43 26 bin-

2995 4884 171 27 nenlandsche
3184 4883 80 27 zaken
3282 4880 72 28 heeft
3370 4883 104 33 gezegd,
3503 4883 45 26 dat
3575 4883 60 26 deze
3660 4883 103 33 leening
3785 4885 56 25 met
3868 4892 64 25 geen

2995 4917 164 26 rumeensche
3176 4917 51 25 wet
3243 4916 26 26 in
3286 4916 107 32 eenigen
3410 4916 76 32 strijd
3500 4916 39 31 is,
3559 4924 32 18 en
3607 4916 122 26 mitsdien
3738 4916 56 26 niet
3803 4917 50 25 kan
3863 4925 51 18 wor-

2996 4949 48 27 den
3061 4948 124 34 goweerd.
3219 4948 39 27 De
3275 4948 94 26 Kamer
3386 4948 21 25 is
3433 4948 94 33 daarop
3555 4949 54 26 met
3633 4949 91 32 groote
3752 4949 180 26 meerderheid

2996 4990 162 24 overgegaan
3174 4981 43 26 tot
3231 4981 32 26 de
3280 4981 61 26 orde
3358 4989 50 18 van
3425 4981 48 26 den
3491 4981 58 33 dag.

3198 5074 475 43 BINNENLAND.

3047 5177 152 45 Eerste
3226 5177 128 45 Kamer
3379 5177 77 45 der
3482 5177 410 45 Staten-Generaal.

3045 5250 19 26 's
3077 5249 248 31 GRAVENHAGE,
3343 5249 94 33 zitting
3454 5256 50 18 van
3520 5248 157 34 Donderdag
3692 5250 34 25 30
3742 5248 149 28 December.

3028 5288 38 28 De
3091 5289 141 26 Voorzitter
3248 5288 70 25 deelt
3334 5287 87 32 mede,
3441 5287 46 26 dat
3510 5287 22 26 is
3559 5287 152 33 ingekomen
3729 5296 46 18 een
3791 5288 74 26 adres
3882 5296 50 18 van

2995 5322 46 26 het
3066 5322 46 26 het
3137 5329 71 25 prov.
3227 5316 105 37 collegie
3351 5324 48 20 van
3425 5319 94 26 beheer
3544 5327 32 17 en
3600 5320 99 32 toezigt
3723 5320 46 25 der
3794 5320 137 33 kerkelijke

2995 5355 126 32 goederen
3139 5361 51 18 van
3207 5353 32 26 de
3262 5350 151 30 hervormde
3430 5352 79 30 kerk,
3527 5353 77 31 tegen
3618 5348 31 30 de
3666 5349 142 37 weglating
3824 5352 46 26 der
3879 5361 52 17 som

2995 5387 40 25 uit
3052 5387 44 25 het
3113 5385 139 27 hoofdstuk
3272 5385 48 26 VII
3332 5386 21 25 C
3376 5385 45 25 der
3445 5383 250 34 staatsbegrooting,
3713 5393 63 17 voor
3793 5383 31 26 de
3840 5385 91 25 kosten

2995 5427 50 18 van
3063 5419 45 26 dat
3124 5418 106 33 collegie
3247 5417 191 34 uitgetrokken.
3456 5432 32 4 —
3506 5417 151 27 Verzonden
3673 5417 102 27 naarde
3790 5417 141 30 commissie

2995 5459 61 18 voor
3074 5452 30 24 de
3122 5451 116 32 petitiën.

3027 5484 57 25 Aan
3102 5483 31 26 de
3149 5483 61 25 orde
3227 5483 51 33 zijn
3294 5481 31 26 de
3344 5481 124 33 volgende
3487 5481 224 34 wetsontwerpen:

3031 5519 31 22 I°.
3079 5517 41 24 tot
3136 5515 183 33 toestemming
3339 5515 45 26 der
3402 5513 312 33 huwelijksverbindtenis
3729 5523 52 18 van
3797 5515 32 26 H.
3848 5515 31 27 K.
3898 5515 33 28 H.

2995 5544 98 37 prinses
3117 5545 91 28 Maria.
3242 5545 57 27 Met
3314 5545 148 34 algemeene
3477 5549 126 24 stemmen
3622 5556 182 25 aangenomen.

3028 5583 35 24 2°.
3083 5580 31 25 de
3136 5581 54 25 Wet
3206 5588 32 24 op
3255 5582 31 24 de
3304 5581 138 25 Middelen.

3027 5613 39 25 De
3091 5620 131 18 minister
3246 5620 57 17 van
3319 5613 148 25 finantiën
3487 5611 40 31 (de
3553 5611 60 26 heer
3645 5620 51 18 van
3720 5609 89 34 Bosse)
3839 5610 78 28 beant-

2996 5644 99 25 woordt
3112 5643 31 25 de
3162 5643 216 33 aanmerkingen,
3404 5643 27 26 in
3456 5643 45 26 het
3527 5644 102 32 verslag
3656 5644 45 25 der
3717 5644 142 26 commissie
3883 5653 50 18 van

2996 5678 167 31 rapporteurs
3180 5675 195 26 voorkomende,
3390 5685 25 17 a.
3431 5675 98 26 Daarin
3546 5676 71 25 werd
3633 5683 119 25 gewezen
3769 5685 32 25 op
3817 5678 46 25 het
3880 5678 53 25 late

2996 5708 100 33 tijdstip
3113 5715 61 18 voor
3191 5708 47 25 het
3262 5708 161 25 behandelen
3441 5707 45 26 der
3502 5707 170 34 begrooting,
3696 5717 32 18 en
3743 5708 146 33 gevraagd,
3908 5708 30 26 of

2996 5740 31 27 de
3044 5737 136 38 regeering
3196 5740 54 26 niet
3274 5741 105 32 gepaste
3404 5739 176 33 maatregelen
3596 5740 51 26 kon
3665 5750 103 22 nemen,
3787 5750 40 18 om
3844 5741 90 26 daarin

2998 5776 26 24 te
3039 5772 139 28 voorzien'?
3201 5773 37 26 Of
3253 5772 31 26 de
3300 5777 129 30 regeering
3444 5772 35 34 bij
3497 5774 87 32 iuagte
3602 5773 22 26 is
3641 5773 113 26 daaraan
3762 5774 51 25 iets
3824 5776 27 24 te
3862 5774 72 31 doen,

2996 5806 70 25 moet
3083 5805 31 26 de
3130 5805 117 26 minister
3263 5805 164 32 betwijfelen,
3445 5806 89 25 vooral
3552 5806 38 25 als
3605 5805 37 33 hij
3659 5805 38 26 let
3715 5813 32 26 op
3764 5806 30 26 de
3809 5806 126 26 oorzaken

2996 5838 46 25 der
3063 5838 163 33 vertraging;
3250 5839 131 24 vooreerst
3406 5838 30 25 de
3459 5838 135 32 strekking
3619 5839 25 25 in
3673 5838 30 25 de
3722 5839 97 25 tweede
3835 5839 99 31 kamer,

2998 5878 40 18 om
3056 5870 100 26 telkens
3182 5878 32 24 op
3240 5870 125 33 afgedane
3385 5870 83 26 zaken
3491 5871 77 32 terug
3586 5874 26 22 te
3637 5870 105 33 komen,
3763 5871 50 26 ook
3829 5880 32 25 op
3880 5871 54 27 die,

2996 5903 80 25 welke
3094 5903 86 26 sedert
3197 5901 30 27 de
3246 5903 298 33 grondwetsherziening
3560 5903 39 26 als
3614 5903 91 26 beslist
3722 5904 27 25 te
3767 5904 169 25 beschouwen

2996 5935 64 33 zijn;
3079 5942 31 18 en
3128 5942 70 19 waar
3214 5935 54 26 niet
3286 5935 84 26 altoos
3386 5935 31 26 de
3433 5935 72 33 regel
3523 5936 120 25 betracht
3660 5935 94 32 wordt,
3778 5944 41 17 om
3837 5936 54 25 veel
3909 5936 30 26 af

2999 5969 26 21 t,-
3045 5968 65 24 doen
3126 5968 27 24 in
3170 5968 93 25 korten
3279 5968 57 32 tijd.
3370 5968 54 26 Een
3442 5968 86 26 aantal
3555 5968 139 32 kwe-stiën,
3719 5968 41 26 die
3787 5968 72 27 reeds
3874 5975 64 19 voor

2999 6004 33 21 '20
3046 6000 74 32 jaren
3137 6000 51 33 zijn
3204 6000 105 32 beslist,
3335 6000 104 26 worden
3455 6001 103 26 telkens
3574 6009 32 26 op
3622 6001 84 26 nieuw
3723 6002 41 24 ter
3781 6001 91 33 sprake
3888 6008 32 26 ge-

2996 6032 79 33 bragt
3091 6040 32 18 en
3139 6040 50 19 aan
3207 6033 96 26 kritiek
3318 6033 191 33 onderworpen.
3542 6035 53 25 Het
3617 6035 21 25 is
3656 6035 47 25 dus
3719 6043 61 18 voor
3798 6034 30 26 de
3846 6041 77 25 regee-

2996 6064 60 34 ring
3080 6065 94 33 hoogst
3200 6066 137 32 moeijelijk
3353 6066 113 26 daaraan
3483 6066 50 26 iets
3549 6067 26 25 te
3593 6067 73 26 doen.
3700 6066 74 26 Maar
3791 6066 30 26 de
3840 6066 97 26 tweede

2999 6098 110 25 oorzaak
3125 6105 50 19 van
3194 6098 30 26 de
3240 6098 152 33 vertraging
3409 6098 27 27 in
3454 6098 50 27 den
3520 6098 59 35 loop
3596 6099 44 27 der
3657 6098 237 28 werkzaamheden,
3913 6105 22 17 is

2999 6131 45 24 het
3061 6131 171 32 ongelukkige
3249 6131 161 26 vasthouden
3428 6139 51 18 aan
3494 6132 46 26 het
3556 6132 130 33 beginsel,
3704 6132 46 25 dat
3768 6131 34 32 bij
3821 6131 31 25 de
3869 6129 52 25 slui-

2998 6162 59 34 ting
3073 6163 45 26 der
3135 6163 110 34 zitting,
3263 6164 52 25 wat
3331 6164 150 33 aanhangig
3497 6164 85 33 blijft,
3607 6164 40 25 als
3664 6163 54 26 niet
3735 6163 98 35 gedaan
3853 6159 83 25 wordt

2999 6195 162 27 beschouwd.
3194 6196 112 26 Daaruit
3324 6196 80 27 vloeit
3422 6197 76 25 voort
3515 6206 46 18 een
3586 6196 84 26 nieuw
3686 6189 248 32 sectie-onderzoek,

2999 6228 214 33 sect-ieverslagen
3237 6237 32 18 en
3294 6229 168 26 antwoorden
3487 6229 46 26 der
3548 6229 141 32 regeering.
3723 6226 45 25 Als
3785 6230 57 18 men
3860 6222 74 24 wilde

2999 6261 144 33 voortgaan
3168 6269 32 25 op
3217 6261 31 26 de
3266 6261 189 33 voorafgaande
3474 6261 111 26 stukken
3602 6268 30 15 en
3651 6259 30 22 de
3699 6255 78 26 «aken
3795 6254 138 22 aanvatten

2999 6294 27 24 in
3044 6293 50 26 den
3110 6294 78 26 stand
3204 6294 97 25 waarin
3318 6294 32 31 zij
3367 6301 99 20 waren,
3494 6293 51 25 dan
3569 6299 47 17 zou
3634 6288 46 37 vrij
3699 6287 51 25 wat
3775 6288 69 19 meer
3859 6287 54 25 Mge-

3000 6325 67 26 daan
3083 6326 105 28 kunnen
3204 6326 120 30 worden;
3341 6333 72 17 maar
3430 6326 45 24 het
3493 6324 21 24 is
3530 6320 113 26 bekend,
3664 6318 45 25 dat
3725 6324 26 17 er
3764 6314 107 24 verschil
3883 6315 47 18 van

3000 6358 123 34 gevoelen
3141 6366 60 18 over
3217 6358 41 25 die
3276 6364 80 24 vraag
3372 6357 30 28 is,
3419 6361 118 18 waaraan
3555 6353 30 22 «Ie
3602 6353 133 26 regeei-mg
3751 6348 67 18 vrees
3842 6348 27 30 Y
3872 6348 12 13 fa
3882 6374 15 17 y

2999 6383 38 33 Sr
3051 6391 22 25 is
3090 6391 50 25 ook
3156 6398 118 25 gewezen
3292 6398 32 22 op
3338 6385 33 28 de
3389 6380 221 34 wenschclijklie.d
3627 6386 50 18 van
3697 6381 46 19 een
3743 6411 5 13 (
3767 6372 163 51 ™*™^f

3001 6422 31 26 de
3051 6422 64 35 rijde
3132 6403 44 45 del
3195 6420 142 31 regeering.
3356 6419 22 25 b.
3397 6425 21 18 v.
3438 6417 44 25 het
3501 6415 116 22 indienen
3630 6413 78 31 .eeue-r
3732 6405 48 28 Igu
3785 6406 71 20 neene
3869 6406 39 25 v.
3925 6416 4 7 ,

3000 6431 105 54 waariij
3124 6462 61 15 voor
3202 6454 45 22 het,
3265 6451 86 31 geval,
3377 6450 45 22 dat
3442 6454 78 24 geene
3537 6431 390 65 HOn^ffi^™

3000 6487 46 24 het
3064 6485 72 24 einde
3154 6484 43 24 «les
3210 6490 72 25 jaars
3299 6483 48 22 kan
3366 6476 155 33 vastgesteld
3541 6476 65 20 woiu
3670 6476 7 13 ■
3872 6489 8 26 }

3001 6495 405 69 credjetwettenioorg^^

3001 6548 80 46 jiende
3102 6548 100 30 begroot
3210 6553 43 21 i»g
3596 6555 157 32 vastgesteld
3771 6555 57 32 zijn.
3846 6569 30 6 -
3896 6555 35 30 De

3002 6581 51 48 ("'*,
3077 6580 41 50 f,.
3122 6587 32 43 l';:
3155 6586 149 44 nbKd:tnet
3302 6581 123 43 eUd,-i
3458 6574 193 45 .'.l'.k'.rti.ig
3669 6595 48 18 van
3735 6587 200 39 beraadslaging

3002 6618 79 48 ri.
3103 6651 4 12 ,
3119 6607 187 58 eiTfmkltTet
3324 6635 48 22 oog
3389 6633 31 25 ep
3437 6632 45 17 een
3500 6620 125 32 wettelijk
3641 6620 92 28 uitstel
3775 6624 52 28 Het
3846 6626 91 35 eenige

3000 6672 21 24 is
3047 6679 12 14 z
3080 6671 24 25 i,
3130 6670 45 22 dat
3194 6667 28 22 de
3242 6659 94 31 tweed*
3354 6659 86 22 kamer
3458 6661 44 18 zoo
3520 6653 107 35 spoedig
3644 6657 124 35 mogelijk
3784 6659 31 28 de
3842 6661 84 31 staats-

3000 6699 154 31 begrooting
3170 6698 139 21 ontv.mge,
3328 6696 30 18 en
3377 6689 45 22 dat
3438 6693 30 25 zij
3488 6689 92 24 vooraf
3594 6696 65 22 geen
3671 6692 96 30 andere
3778 6694 162 35 belangrijke

3000 6732 94 28 wetten
3112 6730 25 22 in
3156 6720 171 31 behandeling
3344 6726 80 20 neme.
3458 6719 40 30 En
3524 6723 54 28 wat
3595 6724 31 30 de
3651 6724 117 37 indische
3787 6720 156 52 be«n'óoting

3971 1284 112 28 betreft,
4102 1283 59 25 deze
4179 1283 21 25 is
4218 1280 164 35 afhankelijk
4389 1289 50 19 van
4457 1281 31 25 de
4506 1281 109 25 stukken
4633 1280 39 25 uit
4690 1280 80 30 Indië,
4788 1287 122 19 waarvan

3971 1316 31 26 de
4019 1315 136 35 regeering
4170 1311 221 37 noodzakelijk'in
4408 1315 46 25 het
4473 1313 67 25 bezit
4557 1313 70 25 moet
4643 1312 50 32 zijn
4709 1312 109 37 gesteld.
4828 1312 83 26 —Do

3971 1350 107 25 slotsom
4094 1349 38 30 is,
4154 1348 46 26 dat
4222 1348 30 26 de
4269 1346 136 37 regeering
4422 1346 152 32 vooralsnog
4590 1345 85 26 meent
4693 1345 67 24 mets
4776 1345 41 25 tot
4835 1352 56 25 weg-

3971 1382 105 32 neming
4093 1381 45 25 der
4154 1381 152 33 vertraging
4322 1383 27 24 te
4367 1381 104 25 kunnen
4487 1378 81 31 doen,
4593 1384 72 19 maar
4682 1380 50 24 wat
4748 1376 30 32 zij
4796 1377 52 25 kan
4866 1377 45 26 zal

3972 1415 30 31 zij
4022 1415 72 24 doen.

3992 1441 34 31 'b.
4044 1444 31 27 de
4093 1444 133 32 aandrang
4243 1447 39 24 tot
4300 1444 150 31 herziening
4467 1452 50 17 van
4527 1442 45 26 het
4583 1443 123 25 liadastcr
4714 1441 45 25 der
4768 1441 142 32 gebouwde,

4041 1480 132 24 alommen.
4200 1473 37 30 De
4256 1478 117 25 minister
4391 1478 118 25 refereert
4530 1475 53 26 zich
4602 1483 50 17 aan
4668 1475 45 25 het
4731 1474 135 25 antwoord
4881 1474 26 25 in

3972 1511 30 25 de
4020 1502 91 35 andere
4131 1511 103 30 kamer,
4252 1519 32 15 en
4302 1509 144 30 herinnert,
4473 1509 45 25 dat
4543 1508 72 26 reeds
4641 1507 26 25 iv
4685 1507 45 25 het
4747 1507 89 33 vorige
4851 1507 60 33 jaar

3973 1553 45 15 een
4036 1546 116 30 ontwerp
4168 1551 97 25 nopens
4281 1543 31 25 de
4330 1540 146 27 kodificatie
4504 1540 45 26 der
4566 1539 211 34 grondbelasting
4794 1540 22 26 is
4833 1540 61 33 inge-

3972 1576 83 30 diend,
4083 1576 106 25 waaruit
4217 1573 72 27 reeds
4313 1581 64 18 voor
4398 1574 31 25 de
4447 1573 174 33 ongebouwde
4639 1573 194 32 eigendommen
4850 1580 46 18 ver-

3972 1609 118 30 betering
4108 1607 51 26 kan
4176 1605 183 35 voortvloeijen
4395 1606 47 27 Als
4457 1606 47 26 dat
4522 1609 116 30 ontwerp
4646 1605 159 33 vastgesteld
4815 1605 28 31 is,
4861 1605 52 26 dan

3972 1642 51 25 kan
4044 1651 2 6 -
4222 1641 79 24 welke
4320 1639 176 34 maatregelen
4513 1639 27 25 te
4558 1648 89 17 nemen
4668 1639 61 33 zijn,
4756 1646 43 18 om
4815 1639 27 25 te
4859 1638 41 26 vol-

3973 1674 64 25 «loen
4055 1683 48 15 aan
4121 1671 45 28 het
4185 1671 155 27 voorschrift
4358 1671 44 27 der
4419 1674 65 30 wet,
4506 1671 45 26 dat
4569 1671 73 26 reeds
4658 1668 69 30 al'te
4744 1671 63 33 lang
4824 1671 76 26 onuit-

3972 1706 111 33 gevoerd
4098 1706 22 25 is
4137 1706 132 32 gebleven.

4003 1748 22 17 c.
4042 1739 31 25 de
4090 1739 190 33 vermindering
4297 1746 50 17 van
4365 1735 47 27 don
4431 1736 94 32 accijns
4543 1744 33 25 op
4593 1736 30 26 de
4636 1744 69 25 zeep.
4729 1736 38 27 De
4779 1736 136 34 regeering

3972 1770 40 25 zal
4029 1770 39 25 dit
4085 1779 94 24 gaarne
4198 1768 27 27 in
4244 1772 163 31 overweging
4424 1778 98 18 nemen.

4004 1804 27 25 di
4046 1802 32 26 de
4094 1802 168 34 staatsloterij
4287 1811 33 17 en
4337 1801 31 27 de
4385 1802 133 33 aandrang
4535 1802 41 25 tot
4593 1801 31 26 de
4644 1802 156 34 afschaffing
4817 1809 50 19 van
4883 1801 32 26 de

3972 1835 120 32 splitsing
4110 1835 45 25 der
4172 1837 78 25 loten.
4276 1834 84 26 Reeds
4376 1834 22 26 is
4415 1834 28 26 In
4459 1835 46 25 het
4531 1834 103 34 verslag
4652 1843 27 18 er
4690 1844 32 25 op
4733 1844 128 25 gewezen,
4869 1834 48 27 dat

3972 1867 103 25 daaruit
4093 1867 93 26 andere
4202 1867 159 25 misbruiken
4380 1867 98 25 zouden
4496 1870 129 27 ontstaan,
4652 1877 33 17 en
4710 1869 31 25 de
4759 1870 118 25 minister
4893 1869 22 26 is

3973 1899 48 26 ook
4039 1907 50 18 van
4106 1899 41 26 die
4165 1899 92 32 opinie.
4292 1899 154 26 Intusschen
4463 1899 93 26 andere
4574 1899 76 26 leden
4668 1909 115 22 meenen,
4807 1900 47 26 dat
4870 1902 48 25 het

3973 1931 47 26 wei
4038 1931 58 26 kan.
4123 1931 34 26 Er
4174 1931 24 27 is
4213 1932 48 26 dus
4277 1931 112 27 verschil
4406 1938 51 20 van
4473 1931 124 33 gevoelen
4616 1941 31 24 op
4674 1933 46 25 «lat
4744 1935 73 31 punt,
4844 1941 74 19 maar

3972 1964 31 25 de
4020 1964 117 25 minister
4155 1964 67 32 vk:rj?t
4239 1971 50 18 van
4306 1964 50 32 zijn
4374 1964 143 33 standpunt
4535 1971 32 30 op
4586 1964 30 26 de
4639 1965 219 33 onmogelijkheid
4876 1975 43 17 om

3972 1995 31 27 de
4020 1995 162 31 deelneming
4200 2004 48 18 aan
4266 1996 118 25 vreemd*
4400 1996 119 31 loterijen
4543 1997 39 24 uit
4600 1998 25 25 te
4646 1997 104 26 sluiten.
4787 1998 131 33 Sommige

3971 2029 149 33 regterlijke
4137 2023 125 37 c-oilegiën
4281 2036 77 18 meen.
4596 2036 46 19 van
4663 2033 61 22 1814
4741 2030 56 25 niet
4815 2031 87 31 toepas-

3972 2061 74 32 selijk
4063 2061 22 25 is
4102 2068 31 20 op
4150 2061 32 25 de
4198 2061 144 33 negotiatie
4359 2068 50 18 van
4427 2061 8 25 1
4596 2062 52 25 ..Nn
4674 2062 24 26 is
4714 2062 45 26 het
4786 2062 130 33 moeiclijk

3972 2095 28 24 te
4017 2093 208 26 ondersclicitlen.
4243 2094 28 25 of
4286 2093 30 26 de
4333 2093 104 30 leening
4455 2104 2 13 i
4677 2114 2 4 .
4701 2104 60 18 eene
4773 2095 145 38 negotiatie

3972 2126 28 25 is.
4033 2125 39 25 De
4090 2126 119 25 minister
4226 2127 48 25 Veld
4299 2126 102 32 justitie
4423 2125 76 27 heeft
4522 2133 46 19 een
4587 2128 117 31 ontwerp
4721 2127 96 33 gereed
4833 2137 41 17 om
4891 2128 28 25 in

3972 2160 47 25 dat
4035 2157 118 27 bezwaar
4169 2159 26 25 te
4213 2158 126 26 voorzien.
4535 2159 63 25 zaak
4619 2159 67 32 blijft
4698 2160 86 26 steeds
4796 2160 123 26 bestaan:

3973 2191 38 26 als
4028 2198 58 18 men
4103 2190 31 26 de
4152 2191 120 32 splitsiug
4289 2190 125 28 verbiedt,
4431 2187 51 34 zijn
4500 2198 27 17 er
4545 2191 161 33 veelvuldige
4717 2192 202 32 gelegenheden,

3974 2231 40 19 om
4031 2223 28 26 in
4076 2223 189 33 windloterijeu
4281 2222 58 27 deel
4356 2223 27 26 te
4398 2230 100 21 nemen,
4525 2219 41 30 die
4592 2223 83 26 veelal
4696 2225 40 24 tot
4754 2224 164 32 schromelijk

3973 2256 98 33 bedrog
4087 2256 149 33 aanleiding
4252 2263 89 26 geven,
4359 2264 32 17 en
4408 2255 104 32 waarbij
4531 2256 56 24 niet
4603 2256 98 32 gezegd
4719 2257 91 25 wordt,
4827 2257 47 25 dat
4886 2251 33 31 ile

3974 2289 144 25 deelnemer
4135 2297 47 17 een
4200 2289 37 26 lot
4256 2291 89 27 huurt,
4370 2288 47 26 dat
4441 2288 138 26 misschien
4605 2288 48 26 ook
4680 2296 50 18 aan
4756 2290 33 25 20
4805 2288 115 26 anderen

3974 2329 124 19 eveneens
4115 2320 130 28 verhuurd
4261 2322 30 24 is.
4319 2321 152 25 Intusschen
4491 2321 21 25 is
4530 2321 32 25 de
4579 2321 117 25 minister
4713 2329 97 25 gaarne
4821 2321 98 28 bereid,

3976 2362 64 18 even
4057 2354 38 26 als
4111 2354 35 32 hij
4166 2354 31 25 de
4214 2355 81 25 huren
4313 2353 130 27 verboden
4460 2353 79 30 heeft,
4566 2362 31 17 na
4624 2355 26 25 te
4677 2361 67 24 gaan
4770 2355 27 25 in
4822 2354 15 27 S

3974 2386 50 27 ook
4049 2387 45 25 ten
4119 2387 106 26 aanzien
4251 2387 45 25 der
4320 2386 123 33 splitsing
4467 2386 165 33 verbetering
4658 2386 51 27 kan
4729 2387 105 26 worden
4851 2395 52 18 aan-

3974 2420 133 33 gebracht.

4007 2460 19 19 e.
4045 2452 30 26 de
4093 2453 106 33 uitgifte
4217 2460 51 18 van
4284 2451 252 34 schatkistbiljetten
4552 2452 28 26 in
4597 2452 115 26 verband
4729 2453 54 26 met
4795 2452 30 27 de
4838 2459 83 26 vraag

3974 2485 30 25 of
4019 2485 30 26 de
4067 2486 52 25 wet
4135 2492 48 18 van
4206 2489 57 22 1851
4283 2484 165 34 toepasselijk
4465 2484 22 26 is
4506 2492 32 26 op
4556 2484 31 27 de
4604 2485 131 33 biljetten,
4757 2486 46 27 die,
4822 2485 79 26 krach-

3974 2518 58 25 tens
4050 2518 45 25 het
4113 2519 117 32 ontwerp
4247 2518 45 25 dat
4310 2525 52 25 nog
4380 2517 149 32 aanhangig
4545 2517 30 31 is,
4587 2518 85 25 zullen
4684 2518 157 33 vastgesteld
4856 2525 50 18 wor-

3974 2550 58 26 den,
4065 2550 97 34 Hierop
4188 2551 69 26 moet
4281 2550 31 25 de
4330 2549 118 26 minister
4465 2551 247 30 onvoorwaardelijk
4731 2550 189 27 toestemmend

3974 2583 176 27 antwoorden.
4182 2583 43 32 Hij
4254 2584 69 25 staat
4349 2582 50 26 ook
4424 2582 44 26 stil
4488 2582 33 33 bij
4540 2583 46 25 het
4603 2588 131 28 gevoelen,
4753 2583 45 26 dat
4815 2583 30 25 de
4864 2583 43 25 uit-

3976 2616 64 32 gifte
4059 2624 48 18 van
4124 2616 252 32 schatkistbiljetten
4394 2623 57 18 zeer
4476 2615 118 32 geschikt
4620 2616 22 26 is
4668 2623 41 20 om
4735 2624 46 18 een
4807 2615 107 33 tijdelijk

3976 2649 86 26 tekort
4080 2650 26 24 te
4124 2649 106 25 dekken.
4257 2647 43 34 Hij
4318 2648 104 25 beaamt
4440 2647 54 31 dit;
4520 2647 31 27 de
4573 2648 50 26 min
4851 2656 13 17 -.
4880 2649 33 22 ';**

3976 2681 21 27 is
4022 2688 44 24 mi,
4083 2689 33 18 na
4142 2681 30 27 cle
4199 2681 164 31 vaststelling
4389 2688 50 18 van
4463 2680 32 26 de
4513 2681 86 25 koloni
4834 2674 80 24 ,'ijue

3977 2715 58 30 wet,
4052 2721 69 19 meer
4137 2714 52 26 dan
4206 2714 54 26 ooit
4277 2714 81 26 afhan
4698 2733 2 2 -
4713 2708 18 28 u.
4729 2706 41 41 af
4772 2708 18 18 n
4791 2720 6 11 '
4809 2704 63 35 zood,
4874 2704 27 21 at
4904 2719 7 9 '

3977 2747 39 26 als
4028 2747 80 32 juiste
4127 2754 116 25 opgaven
4260 2746 40 27 nit
4317 2746 72 27 Indië
4407 2754 22 17 o.i
4435 2752 12 13 ■■
4597 2741 53 27 '..'"
4669 2734 89 46 !mmf
4760 2740 37 31 el.
4805 2740 51 32 ViUl,
4865 2732 46 48 \°'

3977 2779 86 27 loniSii
4080 2779 53 26 niet
4150 2779 111 33 geneigd
4286 2779 21 25 is
4393 2777 18 15 *
4436 2765 125 51 *f°™}?
4581 2765 133 31 hudrageii
4731 2771 41 19 ter
4791 2765 107 25 beschik-

3977 2812 63 26 kius?
4065 2812 115 26 Vanden
4215 2811 107 26 mi!"'-'''
4363 2806 48 18 van
4446 2799 123 24 t!nfll)tiei!
4604 2798 26 26 **
4665 2798 104 31 «tellen,
4804 2803 28 21 er
4865 2805 32 17 on-

3978 2854 9 11 -7
4000 2830 109 34 ,v.vie'i.l
4126 2845 24 19 io
4166 2844 34 20 hë
4225 2842 47 17 '-en
4289 2831 118 26 minister
4417 2838 48 18 van
4483 2831 123 24 tinantiën
4633 2830 113 26 omtrent
4773 2829 47 26 den
4839 2828 78 26 stand

3977 2852 60 51 def
4038 2877 77 21 Wv-
4144 2852 51 46 «4
4225 2864 76 27 Eerrt
4317 2864 26 26 in
4361 2863 142 27 December
4520 2870 48 19 van
4587 2862 39 26 dit
4639 2862 67 38 jaar.
4733 2864 58 28 zegt
4809 2862 28 25 de
4857 2861 34 25 mi-

3996 2910 5 5 •
4017 2910 9 15 »
4041 2898 104 31 ^wist
4169 2897 26 26 ik
4213 2897 48 26 hoe
4280 2897 30 26 de
4328 2897 76 25 stand
4421 2903 51 17 van
4489 2896 46 25 het
4556 2895 143 33 dienstjaar
4719 2897 60 25 1867
4796 2895 26 25 in
4840 2894 73 26 India'

3978 2941 54 18 .vas.
4070 2930 154 26 Intusschen
4248 2931 70 24 moet
4343 2929 34 30 hij
4401 2927 27 28 in
4444 2927 54 26 Juli
4517 2927 28 25 of
4559 2927 135 32 Augustus
4711 2927 31 24 de
4760 2927 155 30 begrooting

3973 2963 132 34 opmaken.
4133 2962 43 33 Hij
4195 2962 71 27 heeft
4284 2962 50 25 dan
4351 2961 83 25 alken
4453 2959 89 33 eenige
4560 2962 93 22 indices
4671 2967 97 24 nopens
4785 2959 50 25 den
4846 2959 71 25 staat

3973 2998 45 25 der
4041 2995 116 26 indische
4174 2995 102 30 kassen;
4303 2995 77 26 want,
4406 2993 38 25 als
4469 2999 27 19 er
4514 2991 54 26 veel
4586 2992 27 26 in
4631 2992 33 26 in.
4683 2992 48 25 dan
4750 2991 99 33 bewijst
4869 2991 46 28 dit,

3974 3028 46 25 dat
4037 3028 30 25 de
4085 3027 123 33 uitgaven
4225 3026 100 26 minder
4342 3025 103 26 hebben
4461 3025 137 30 bedragen.
4633 3025 39 24 Kn
4700 3024 109 30 onlangs
4825 3031 52 24 nog
4894 3022 22 25 is

3972 3060 133 33 gebleken,
4131 3059 45 26 dat
4202 3058 31 27 de
4258 3066 56 18 som
4330 3066 48 17 van
4403 3057 47 30 9Va
4468 3056 115 26 ïnillioen
4600 3054 26 27 in
4646 3059 60 24 18G7
4726 3054 188 32 onuitgegeven

3974 3100 58 22 was,
4058 3091 66 27 «loch
4149 3099 58 17 men
4233 3092 65 22 weet
4324 3096 50 26 nog
4393 3087 53 27 niet
4472 3090 48 22 hoe
4539 3087 45 25 het
4602 3087 52 25 met
4672 3086 13 26 d
4863 3093 50 19 van

3976 3129 61 22 186
4039 3129 14 22 S
4055 3124 100 33 gesteld
4170 3124 30 25 is.
4234 3123 39 26 De
4298 3122 118 26 minister
4441 3122 66 24 weet
4532 3118 47 27 dus
4604 3118 63 27 niet.
4694 3118 30 26 of
4739 3118 106 26 'Cr-uiet
4859 3124 56 26 nog

3974 3157 92 25 saldo's
4093 3157 57 31 zijn,
4176 3156 40 25 die
4241 3156 41 24 tot
4300 3154 189 32 vermindering
4507 3161 50 17 van
4574 3152 46 25 het
4637 3151 174 32 zoogenaamd
4828 3151 89 26 tekort

3974 3190 119 25 kumnien
4119 3188 137 31 strekken;
4283 3189 47 24 dal
4357 3193 27 18 er
4410 3184 57 33 zijn,
4493 3184 65 25 weet
4584 3184 35 32 hij
4646 3184 39 25 uit
4711 3183 48 26 den
4783 3184 71 26 staat
4870 3184 48 25 der

3973 3223 91 24 ikïisscii

4007 3254 60 26 Wat
4093 3254 69 25 moet
4185 3260 35 17 nu
4246 3250 30 26 de
4300 3249 118 26 minister
4443 3256 50 19 van
4518 3248 125 27 finantiën
4669 3247 37 34 bij
4723 3248 47 27 het
4788 3248 125 33 opmaken

3974 3286 45 28 der
4036 3285 154 35 begroeting
4207 3283 83 26 doenV
4325 3282 71 26 Moet
4423 3281 34 33 hij
4482 3282 40 25 tot
4539 3281 161 32 verhooging
4719 3289 47 18 van
4785 3281 115 25 belastin-

3974 3327 48 27 gen
4041 3327 129 24 overgaan
4180 3321 12 21 't
4227 3317 35 27 Of
4278 3314 137 33 voorbarig
4431 3322 60 18 eene
4511 3314 103 33 leening
4632 3314 93 26 sluiten
4737 3334 5 8 ,
4769 3314 39 25 die
4831 3314 71 25 rente-

3976 3351 117 33 betaling
4108 3350 105 26 vordert
4221 3350 12 25 ?
4267 3347 41 33 Hij
4328 3347 98 38 gelooft
4442 3347 71 28 niet,
4539 3347 46 24 dat
4599 3346 41 26 dit
4658 3354 60 17 eene
4737 3347 79 30 goede
4835 3347 70 22 linnii-

3974 3384 74 26 tieele
4067 3381 156 27 staatkunde
4240 3389 47 19 zou
4306 3380 57 32 zijn.
4381 3394 31 4 —
4437 3379 43 33 Hij
4506 3379 70 25 moet
4602 3378 47 26 dus
4674 3378 48 26 wel
4740 3378 96 26 zoeken
4853 3383 63 22 naar

3974 3424 46 18 een
4052 3415 97 26 middel
4182 3423 40 17 om
4258 3413 30 25 de
4313 3412 155 37 begrooting
4492 3412 27 24 te
4537 3412 65 25 doen
4619 3411 110 26 sluiten.
4757 3418 30 17 en
4809 3410 107 25 daartoe

3974 3449 21 26 is
4020 3448 46 27 het
4091 3448 57 26 best
4175 3445 249 39 schatkistbiljetten
4443 3444 39 25 uit
4500 3445 25 22 te
4544 3451 96 25 geven,
4659 3443 39 25 die
4717 3442 33 33 bij
4766 3451 46 17 een
4822 3442 94 26 andere

3974 3484 26 22 te
4017 3481 94 26 sluiten
4129 3478 103 35 Leening
4248 3478 63 26 door
4328 3477 143 32 obligatiën
4488 3476 103 26 kunnen
4609 3475 103 26 worden
4730 3483 151 24 vervangen.

4006 3514 40 32 Op
4206 3519 18 18 ie
4243 3516 79 26 traag
4339 3506 27 31 in
4384 3510 45 26 net
4447 3509 102 31 verslag
4565 3510 60 28 zegt
4642 3508 44 32 hij.
4704 3508 53 28 dat,
4775 3507 38 26 als
4830 3515 28 18 er
4869 3515 46 18 een

3973 3546 99 26 tekort
4090 3553 60 18 over
4172 3547 60 24 18<>8
4248 3550 47 18 zou
4316 3542 94 33 blijken
4431 3541 1 25 I
4599 3540 47 25 dan
4667 3540 47 24 art.
4731 3542 15 21 ;i
4765 3539 45 25 der
4827 3540 90 31 voriga

3974 3580 51 22 wet
4042 3586 32 25 op
4091 3576 30 26 de
4139 3575 129 26 middelen
4292 3569 107 31 aan'de
4426 3572 136 34 regeering
4594 3572 31 25 de
4652 3570 177 34 bevoegdheid
4845 3568 72 34 geeft

3973 3609 249 32 schatkistbiljetten
4240 3608 40 25 uit
4297 3608 26 25 te
4341 3614 90 26 geven.
4463 3604 76 28 Maar
4563 3612 34 17 nu
4616 3604 45 25 het
4685 3604 87 24 tekort
4798 3602 100 27 verdwe-

3973 3650 50 19 nen
4041 3643 38 30 is,
4096 3643 73 25 komt
4185 3640 45 26 dut
4247 3640 54 26 niet
4326 3640 26 24 te
4375 3647 59 25 pas,
4462 3646 32 18 en
4519 3635 109 27 nimmer
4652 3644 47 18 zou
4719 3635 39 25 dit
4773 3634 46 26 het
4837 3634 77 33 geval

3973 3673 104 26 kunnen
4101 3673 50 32 zijn
4175 3674 41 25 tot
4234 3680 46 18 een
4297 3673 97 31 hooger
4410 3670 98 31 bedrag
4525 3669 50 25 dan
4605 3669 47 25 het
4668 3667 26 26 te
4711 3667 60 26 kort
4788 3676 47 18 zou
4858 3667 47 33 blij-

3973 3705 48 26 ken
4039 3710 26 21 te
4083 3700 138 38 bedragen.
4240 3719 30 4 —
4296 3704 71 26 Voor
4383 3703 18 26 't
4419 3702 103 33 overige
4548 3703 41 22 zet
4615 3700 32 25 de
4672 3699 117 26 minister
4813 3700 102 30 uiteen,

3973 3738 45 26 dat
4035 3738 45 26 het
4098 3745 61 18 voor
4176 3738 31 24 de
4224 3737 148 25 finantieele
4389 3733 188 26 administratie
4587 3741 65 24 geen
4663 3735 74 30 groot
4748 3732 115 26 bezwaar
4872 3741 31 25 op-

3972 3770 83 27 levert
4076 3769 249 33 schatkistbiljetten
4349 3768 39 24 uit
4414 3769 25 22 te
4462 3774 87 30 geven.
4587 3765 40 32 Hij
4650 3771 60 18 «keet
4729 3765 45 24 dat
4792 3764 125 26 daarover

3974 3803 107 26 verschil
4100 3810 51 17 van
4168 3797 120 37 gevoelen
4306 3800 112 30 bestaat,
4436 3797 137 26 misschien
4591 3797 47 26 wel
4656 3797 115 32 gegrond
4789 3804 32 25 op
4838 3803 63 19 vroe-

3973 3842 59 25 gere
4049 3834 165 28 misbruiken,
4231 3833 138 26 krachtens
4387 3831 31 24 de
4435 3833 51 22 wet
4494 3836 50 19 van
4561 3831 67 28 1834;
4639 3836 72 19 maar
4720 3836 61 19 voor
4791 3837 45 17 een
4845 3829 71 26 klein

3976 3868 94 32 bedrag
4087 3866 249 32 schatbistbiljetten
4352 3863 40 26 tot
4410 3870 59 15 een'
4488 3868 56 20 zeer
4564 3859 57 35 lage
4639 3863 72 24 rente
4730 3861 138 26 duurzaam
4886 3862 28 24 in

3974 3898 131 27 circulatie
4123 3900 26 25 te
4166 3898 131 34 brengen,
4315 3898 45 25 dat
4377 3894 60 27 acht
4455 3894 34 33 hij
4509 3901 46 19 een
4572 3899 78 26 groot
4667 3893 119 27 voordeel
4802 3901 63 19 voor
4881 3893 33 25 de

3972 3932 133 26 schatkist,
4140 3931 137 32 frankrijk
4289 3948 6 12 ,
4319 3930 46 24 dat
4390 3934 56 18 zeer
4470 3926 67 25 ruim
4564 3926 22 22 is
4607 3926 27 24 in
4659 3926 46 25 het
4724 3927 120 30 uitgeven
4864 3934 50 17 van

3972 3963 265 34 schatkistbiljetten,
4263 3961 22 27 is
4302 3970 46 18 een
4365 3957 151 32 voorbeeld,
4545 3956 46 26 dat
4613 3956 28 25 de
4659 3957 118 24 minister
4794 3958 56 24 niet
4867 3964 46 18 zou

3972 3997 87 24 willen
4077 3996 106 32 volgen,
4209 4004 32 15 en
4259 3996 61 24 toch
4337 3992 100 26 betaalt
4453 3992 46 25 het
4515 3991 97 26 slechts
4629 3998 46 17 een
4693 3989 58 26 half
4763 3989 59 33 pCt.
4840 3990 74 25 rente

3973 4029 19 25 's
4002 4028 70 32 jaara
4080 4038 6 20 -,
4103 4029 87 25 voorts
4208 4028 71 32 geeft
4294 4025 35 34 hij
4349 4025 31 26 de
4397 4023 174 34 verzekering,
4587 4023 46 26 dat
4650 4020 31 26 de
4698 4020 155 34 aanneming
4869 4022 47 25 der

3974 4056 48 30 wét
4048 4069 32 24 oji
4106 4059 31 26 de
4161 4056 130 30 middelen
4315 4058 69 26 niets
4407 4056 200 34 praejudiciëert
4622 4054 151 34 aangaande
4789 4054 46 27 het
4853 4062 46 18 aan-

3972 4091 99 33 hangig
4087 4094 124 31 ontwerp,
4230 4093 45 24 dat
4292 4091 30 25 de
4339 4090 63 26 zaak
4420 4097 32 25 op
4469 4097 46 17 een
4533 4089 111 25 anderen
4662 4090 59 24 voet
4737 4087 100 37 regelt;
4861 4089 40 24 ter-

3973 4124 51 34 wijl
4044 4123 141 27 bovendien
4202 4123 30 27 de
4248 4123 118 26 minister
4385 4127 50 20 van
4460 4122 125 25 finantiën
4602 4128 65 26 geen
4684 4119 110 34 gebruik
4811 4127 51 17 van
4873 4119 40 26 die

3973 4156 146 26 eventueele
4137 4157 52 25 wet
4205 4157 93 25 maken
4313 4155 53 27 kan
4383 4154 51 27 dan
4450 4156 54 24 met
4525 4152 190 34 medewerking
4731 4160 52 19 van
4798 4150 33 27 de
4847 4153 50 25 wet-

3972 4188 113 34 gevende
4111 4188 104 31 macht,
4243 4188 87 26 omdat
4354 4187 97 26 slechts
4476 4195 46 17 een
4547 4193 57 19 zeer
4629 4186 105 25 miniem
4750 4183 98 38 bedrag
4865 4193 51 17 aan

3973 4222 71 25 rente
4062 4220 183 33 uitgetrokken
4259 4221 28 30 is,
4297 4227 30 19 en
4338 4220 34 25 du
4382 4219 47 33 sbij
4439 4218 57 26 elke
4504 4218 113 33 uitgifte,
4626 4218 139 26 krachtens
4775 4217 30 26 de
4814 4224 100 19 nieuwe

3973 4256 58 28 wet,
4048 4253 32 26 de
4096 4253 207 26 tusschenkomst
4320 4260 50 17 van
4387 4251 32 26 de
4435 4250 165 34 wetgevende
4618 4250 89 27 macht
4724 4251 70 25 moet
4809 4248 105 27 worden

3973 4286 162 32 ingeroepen.

4003 4318 41 26 De
4061 4318 63 26 heer
4140 4317 81 26 Sasse
4243 4323 57 20 vak
4315 4315 102 27 Ysselt
4441 4312 104 34 betuigt
4570 4313 64 32 zijne
4651 4313 197 33 verwondering
4859 4312 54 31 dat,

3974 4351 92 30 terwijl
4084 4350 30 24 de
4131 4350 118 24 minister
4274 4357 51 15 van
4339 4346 105 33 justitie
4462 4355 46 17 een
4526 4349 116 28 ontwerp
4659 4345 92 33 gereed
4769 4342 90 30 maakt
4872 4345 44 26 tot

3973 4381 154 33 afschaffing
4144 4371 45 33 der
4214 4378 112 31 tienden,
4352 4378 20 25 't
4389 4377 183 33 departement
4596 4384 51 18 van
4664 4378 124 25 finantiën
4814 4378 100 25 nieuwe

3972 4414 104 25 tienden
4102 4414 98 24 creëert
4225 4421 32 15 en
4274 4410 87 26 vooral
4380 4410 26 26 in
4431 4410 13 26 t
4463 4409 60 27 land
4543 4416 50 19 van
4609 4409 85 33 Kuyk,
4711 4416 70 19 waar
4798 4409 116 33 geheven

3976 4444 83 25 wordt
4075 4452 50 18 van
4142 4443 200 32 heidegronden,
4367 4442 40 26 die
4424 4446 150 30 ontgonnen
4591 4442 103 25 worden
4711 4442 64 25 door
4791 4449 58 18 zeer
4865 4449 33 25 ge-

3972 4476 73 33 ringe
4062 4475 145 27 menschen.
4240 4475 47 26 Die
4313 4473 92 35 inning
4422 4473 71 27 heeft
4519 4473 48 25 ook
4585 4473 85 32 plaats
4695 4473 85 28 gehad
4802 4481 33 25 op
4852 4481 61 18 eene

3973 4509 77 33 wijze,
4068 4509 41 24 die
4127 4509 54 24 niet
4199 4508 109 32 passend
4325 4508 21 25 is
4364 4514 61 19 voor
4444 4506 19 26 't
4480 4505 185 27 staatsbeheer.
4694 4505 48 27 Die
4760 4505 91 34 inning
4869 4513 30 30 ge-

3972 4540 54 25 zien
4052 4540 135 25 hebbende
4212 4540 90 25 schoot
4320 4540 59 24 hem
4396 4540 26 22 in
4442 4539 30 22 de
4489 4539 126 30 gedachte
4633 4539 31 22 de
4676 4539 237 32 geschiedkundige

3972 4573 170 37 uitdrukking
4160 4580 31 19 en
4209 4572 30 26 de
4256 4570 149 28 beteckenis
4420 4578 51 17 van
4487 4572 172 31 grijpgorven.
4689 4569 43 32 Hij
4750 4569 98 33 gelooft
4867 4570 46 25 dat

3971 4605 46 25 het
4044 4605 50 32 rijk
4111 4605 39 24 dit
4163 4605 60 32 jaar
4248 4605 54 24 veel
4320 4611 50 17 van
4388 4597 40 31 Se
4454 4603 163 32 gnjpgarven
4643 4600 43 26 tot
4702 4600 58 26 zich
4787 4609 126 26 genomen

3971 4636 79 32 heeft,
4067 4645 32 18 en
4124 4636 46 26 dat
4195 4636 48 26 wel
4261 4643 50 18 van
4336 4635 31 25 de
4384 4633 130 33 pionniers
4543 4633 45 25 der
4604 4633 164 32 ontginning.
4802 4635 32 25 In
4852 4637 46 30 Sep-

3972 4670 98 24 tember
4096 4670 70 24 beeft
4192 4672 40 21 lui
4261 4667 242 33 gemeentebestuur
4528 4674 48 18 van
4603 4664 87 32 Cuyek
4717 4665 57 27 zich
4800 4668 41 25 tot
4861 4667 51 26 den

3970 4701 118 26 minister
4106 4709 47 17 van
4180 4700 124 27 finantiën
4320 4700 106 31 gewend
4455 4701 54 22 met
4530 4698 65 30 zijne
4612 4697 142 27 bezwaren,
4781 4698 66 27 doch
4871 4702 43 22 tot

3971 4742 31 25 op
4020 4734 81 25 heden
4119 4741 65 25 geen
4200 4726 133 33 antwoord
4351 4733 156 31 ontvangen.
4540 4729 43 33 Hij
4602 4729 81 34 hoopt
4708 4730 46 25 dat
4770 4730 32 26 de
4818 4731 76 26 minis-

3971 4768 41 22 ter
4029 4767 57 24 zich
4102 4766 154 32 persoonlijk
4274 4765 39 25 die
4332 4763 131 26 bezwaren
4483 4762 39 26 Zal
4534 4762 159 26 aantrekken
4711 4772 32 17 en
4762 4769 78 21 overv,

3971 4799 28 26 of
4013 4806 27 18 er
4057 4798 56 26 niet
4129 4798 132 33 verjaring
4278 4796 109 25 bestaat.

4002 4832 39 25 De
4067 4838 132 20 minister
4222 4837 57 19 van
4296 4837 149 19 finaktikn
4462 4827 71 34 geeft
4557 4827 48 26 den
4623 4826 105 34 spreker
4744 4827 32 26 de
4792 4827 105 26 verzeke-

3970 4864 66 37 ring,
4055 4863 46 25 dat
4117 4864 50 32 zijn
4183 4863 103 24 wensch
4304 4863 72 24 reeds
4393 4863 21 24 is
4431 4860 113 26 vervuld.
4563 4860 39 26 De
4619 4860 118 26 minister
4754 4860 74 26 heeft
4848 4860 64 26 alles

3971 4896 163 28 onderzocht,
4157 4903 73 19 maar
4247 4894 66 26 weet
4330 4900 51 26 nog
4397 4893 56 25 niet
4469 4893 28 25 of
4513 4892 34 33 hij
4566 4892 181 26 verantwoord
4763 4892 28 31 is,
4818 4892 39 26 als
4874 4892 35 32 hij

3970 4929 31 26 de
4018 4929 171 32 tieudheffing
4215 4936 46 18 zou
4279 4928 98 25 staken.
4411 4926 54 25 Het
4491 4926 22 25 is
4530 4933 78 22 waar,
4632 4925 32 26 de
4689 4924 90 27 novale
4805 4925 107 26 tienden

3970 4962 51 33 zijn
4037 4962 152 35 afgeschaft-,
4215 4968 72 18 maar
4312 4959 79 25 onder
4416 4958 165 26 voorwaarde
4607 4958 45 26 dat
4678 4964 27 19 er
4733 4958 116 32 aangifte
4866 4958 47 25 der

3970 4994 142 33 landerijen
4129 4994 99 33 gedaan
4246 4991 77 32 werd;
4349 4991 31 25 de
4397 4990 118 26 minister
4533 4990 98 33 gelooft
4656 4990 54 25 niet
4728 4990 45 24 dat
4791 4990 40 24 die
4848 4997 46 15 aan-

3970 5027 65 32 gifte
4052 5027 99 32 gedaan
4170 5027 28 25 is.
4233 5026 26 25 Is
4276 5026 39 24 dit
4333 5024 52 25 niet
4404 5024 19 25 't
4441 5023 81 39 geval,
4543 5023 50 26 dan
4610 5022 116 26 verbiedt
4744 5022 31 25 de
4794 5022 48 24 wet
4852 5020 44 26 ont-

3969 5057 99 34 heffing
4085 5066 32 19 en
4131 5059 71 25 moet
4219 5056 30 27 de
4267 5056 117 26 minister
4402 5056 90 25 hellen.
4522 5055 53 25 Het
4590 5055 57 24 doel
4665 5062 50 15 van
4731 5055 19 21 't
4768 5052 142 26 onderzoek

3970 5091 22 27 is
4009 5092 90 26 echter
4119 5100 43 17 om
4176 5099 34 18 na
4228 5091 26 25 te
4271 5098 67 25 gaan
4355 5089 27 25 in
4400 5088 94 26 hoever
4511 5087 39 26 die
4569 5087 84 25 kleine
4670 5085 156 30 ontginners,
4852 5089 58 19 zeer

3969 5124 158 32 eenvoudige
4144 5122 144 31 menschen,
4313 5121 40 26 die
4372 5121 53 25 niet
4444 5121 80 24 weten
4543 5127 51 17 van
4610 5118 25 25 al
4652 5117 40 24 die
4717 5115 194 28 formaliteiten,

3969 5156 104 26 kunnen
4089 5156 104 26 worden
4211 5154 136 26 ontheven.
4381 5153 41 31 Hij
4441 5151 98 28 gelooft
4557 5150 54 24 wel.
4633 5148 46 24 «lat
4697 5153 27 17 er
4740 5147 100 22 termen
4857 5153 51 22 zijn

3969 5197 43 17 om
4028 5189 92 26 anders
4135 5190 28 22 te
4179 5187 135 28 handelen,
4332 5192 71 19 maar
4419 5184 56 25 niet
4489 5180 94 27 zonder
4592 5179 190 30 medewerking
4789 5179 46 22 der
4844 5179 48 24 wet-

3970 5220 113 34 gevende
4101 5220 96 31 macht,
4215 5219 40 26 die
4273 5219 34 32 hij
4328 5225 59 18 casu
4406 5223 50 24 quo
4473 5220 96 25 gaarne
4585 5211 39 26 zal
4641 5217 119 21 inroepen

4002 5255 39 26 De
4058 5255 61 25 heer
4137 5261 56 19 van
4209 5252 104 26 Nisfbn
4330 5258 53 19 van
4400 5248 175 26 Paknekden
4589 5239 150 30 behandelt:
4760 5243 8 21 1
4809 5239 31 24 de
4852 5239 54 25 late

3970 5285 165 31 vaststelling
4152 5285 45 25 der
4221 5281 155 35 begrooting
4393 5289 32 18 en
4440 5277 109 32 betoogt
4565 5277 31 25 de
4613 5272 223 31 wenschelykheid
4856 5280 50 18 van

3970 5328 46 17 een
4033 5307 167 46 algemenen
4217 5302 142 47 tijifelijken
4376 5310 141 33 maatregel
4533 5316 50 18 van
4600 5310 163 25 voorziening
4796 5310 94 19 waarte-

3970 5359 50 22 gen
4037 5350 48 26 ook
4103 5359 64 22 geen
4183 5349 176 32 grondwettig
4376 5347 116 24 bezwaar
4508 5342 50 25 kan
4576 5342 115 24 bestaan:
4708 5349 30 5 —
4757 5355 13 5 -
4786 5355 4 6 .
4808 5342 31 19 oe
4850 5342 45 19 ner
4896 5349 12 22 :

3970 5382 103 32 ziening
4096 5391 50 18 van
4172 5382 18 25 't
4208 5381 120 27 kadaster
4352 5379 46 25 der
4422 5374 139 35 gebouwde
4583 5369 191 33 eigendomiiien
4808 5367 40 24 die
4866 5368 35 30 hij

3970 5415 48 26 ook
4035 5415 97 26 nood-
4148 5414 69 31 acht;
4231 5427 34 5 -
4281 5414 34 25 3°.
4336 5413 31 24 de
4384 5412 104 24 kwestie
4511 5407 45 24 der
4572 5408 77 27 uitgit
4664 5408 52 19 eu
4726 5408 17 17 n
4757 5396 91 27 schaft
4861 5399 28 24 st-

3970 5448 129 33 biljetten,
4116 5447 184 31 waaromtrent
4318 5445 34 34 hij
4371 5452 48 17 van
4437 5439 120 37 gevoelen
4578 5434 120 28 verschilt
4714 5434 53 24 met
4783 5434 48 21 den
4850 5439 52 17 nu-

4000 5513 39 26 De
4052 5502 66 37 'heer
4135 5512 81 26 Sasse
4231 5518 57 20 van
4300 5511 102 27 Ysselt
4419 5506 80 26 dankt
4517 5505 48 25 den
4581 5502 116 26 minister
4711 5504 63 19 voor
4785 5496 50 26 ziin
4844 5496 46 26 wel-

3970 5545 103 26 willend
4089 5545 141 26 antwoord.
4263 5544 44 33 Hij
4323 5539 141 30 vertrouwt
4480 5538 102 32 daarop.
4744 5538 32 17 eR
4763 5570 14 9 n
4781 5530 38 50 J
4822 5536 13 17 e
4846 5536 44 44 Zt

3970 5585 51 18 van
4041 5581 61 24 1840
4119 5578 73 25 komt
4209 5571 91 38 hierbij
4319 5577 26 24 in
4363 5571 174 32 aanmerking,
4561 5576 72 20 maar
4651 5569 48 24 ook
4716 5569 30 21 üe
4763 5569 65 19 oucu,
4846 5569 45 18 tos-

3971 5613 87 24 tiiiiien
4076 5619 48 18 van
4143 5610 46 26 het
4202 5609 63 26 land
4281 5616 51 18 van
4349 5606 96 35 Cuyck.
4592 5634 6 6 .
4772 5627 6 6 .
4822 5624 7 9 ,
4851 5627 5 7 ,
4880 5623 11 9 ,

4002 5642 40 26 De
4058 5642 61 26 heer
4137 5642 89 26 Schot
4243 5642 22 25 is
4289 5639 141 34 verheugd,
4446 5637 45 25 dat
4517 5636 31 25 de
4565 5634 116 26 minister
4698 5630 91 26 meent,
4815 5630 46 21 dat
4874 5630 33 22 de

3971 5676 51 25 wet
4038 5675 41 26 tot
4095 5674 149 27 kodificatie
4260 5674 46 25 der
4330 5668 213 38 grondbelasting
4559 5667 163 30 verbetering
4747 5665 40 22 zal
4804 5665 104 21 kunnen

3971 5708 115 31 brengen
4102 5707 27 26 in
4155 5707 31 26 de
4202 5705 144 34 repartitie,
4370 5712 72 18 maar
4457 5701 35 34 hij
4509 5701 24 26 is
4558 5698 135 28 daarmede
4709 5696 53 26 met
4787 5696 119 26 voldaan,

3972 5741 70 25 want
4058 5740 34 32 hij
4111 5740 67 32 wijst
4196 5747 32 25 op
4246 5739 30 25 de
4293 5739 83 32 vlugt.
4395 5737 39 25 die
4453 5735 30 25 de
4501 5731 141 35 nijverheid
4661 5738 27 19 in
4709 5728 202 26 JNoordbrabaiit

3973 5781 28 17 en
4020 5773 124 25 Twenthe
4169 5772 71 26 heeft
4258 5778 135 26 genomen;
4419 5778 32 22 op
4468 5767 31 25 «Ie
4525 5764 157 33 uitbreiding
4698 5771 50 15 van
4765 5761 97 26 steden,
4871 5764 40 20 als

3973 5805 48 27 den
4039 5805 83 32 Haag,
4140 5805 122 26 Arnhem,
4290 5812 53 17 enz.
4378 5802 45 25 Als
4441 5807 58 18 men
4517 5798 94 32 daarop
4628 5797 45 28 let,
4698 5796 50 22 dan
4763 5802 22 17 is
4819 5796 12 21 t
4847 5796 61 21 toen

3973 5838 74 26 zeker
4064 5838 46 26 dat
4128 5838 30 25 de
4183 5836 215 34 grondbelasting
4424 5842 32 24 op
4473 5830 139 35 gebouwde
4637 5826 191 33 eigendommen
4853 5826 57 20 veel

3973 5878 69 18 meer
4059 5871 50 25 dan
4126 5870 28 26 in
4174 5872 60 24 1834
4251 5870 70 25 moet
4328 5867 137 31 bedragen,
4483 5864 91 25 zoo.iat
4592 5868 59 17 eene
4668 5857 172 46 verminking
4856 5857 53 21 met

3973 5904 60 25 toen
4051 5903 54 26 niet
4123 5903 102 32 opgaat.
4256 5902 73 24 Maar
4346 5900 47 24 ook
4414 5898 30 24 .!,'
4461 5891 171 33 onsebo.iw.U-
4650 5897 83 19 .-iireni
4743 5894 98 17 on.en
4859 5890 48 19 zmi

3974 5936 63 26 door
4054 5936 50 25 den
4121 5934 92 32 aanleg
4230 5941 48 17 van
4298 5939 94 24 wegen,
4419 5927 116 26 kanalen,
4556 5929 46 20 enz
4642 5921 64 22 tlaan
4736 5926 24 15 in
4822 5923 7 15 i
4861 5921 34 15 ™

3974 5968 135 26 ductieven
4126 5968 77 27 staat,
4230 5973 30 17 en
4287 5949 393 59 denfctte^^MtJe»»
4850 5949 53 39 ™_

3974 6001 81 25 alleen
4074 6001 52 22 wat
4143 6000 45 24 bet
4206 5998 105 30 „votum
4329 5994 44 24 der
4391 5995 27 26 pr
4602 5988 12 17 >
4629 5982 117 52 ««^
4763 6001 141 26 thimsnit;t

3974 6040 50 26 gen
4049 6032 70 26 zelve
4144 6030 102 25 betreft.
4269 6027 38 28 Hij
4325 6027 85 20 meent
4423 6058 2 5 _
4436 6027 13 13 ''
4463 6027 4 13 '
4535 6039 4 4 '
4564 6043 22 20 .l
4589 6044 20 19 t
4626 6039 11 21 a
4637 6039 22 21 1
4663 6044 44 15 1,.,.„
4726 6043 59 15 eene
4802 6039 99 17 nieuwe

3974 6073 32 24 op
4023 6061 194 28 rechtvaardige
4230 6050 430 51 JfJCT^'S^JsJbrengen.
4687 6065 40 32 Hij
4737 6061 164 33 wijstechter

3974 6093 94 28 taxatie
4087 6081 272 37 rechtvaardig!!-..k
4603 6078 37 44 *).
4711 6092 12 26 ;.
4724 6104 32 21 oi>
4757 6105 14 11 „
4775 6093 124 26 rüoaeelo

3974 6136 32 22 op
4023 6125 19 26 't
4059 6119 161 31 bezwarende
4246 6112 139 56 de._j^
4388 6112 37 20 «
4424 6139 86 20 mroer
4512 6131 63 25 e„de
4767 6135 13 17 „
4806 6128 97 32 vraagt

3973 6158 90 28 regten
4081 6156 32 27 bi,
4131 6152 48 25 den
4204 6156 32 15 ov
4264 6151 48 30 gan
4381 6148 65 44 m^
4688 6158 169 35 verandering
4874 6161 30 27 te

3972 6191 125 51 brëwrT
4119 6220 15 17 n
4150 6183 119 50 verban,.'
4280 6180 52 47 niet
4344 6197 30 26 de
4383 6197 98 26 nieuwe
4492 6194 116 31 regeling
4617 6193 43 24 der
4671 6191 233 37 grondbelasting?

3972 6249 48 19 7no
4038 6253 25 15 ii
4097 6243 47 21 ilni
4163 6240 37 22 ''t
4226 6236 58 21 'h"/-''
4302 6229 117 27 minister
4443 6236 46 17 een
4506 6227 118 25 minister
4641 6234 59 26 zijn,
4724 6224 40 28 die
4783 6235 26 18 m
4835 6228 71 28 allen

3970 6257 70 43 il'è'ele
4050 6262 47 33 'liet
4115 6268 96 30 belang
4235 6265 45 24 der
4297 6262 70 26 natie
4391 6261 135 33 behartigt
4544 6266 31 20 en
4593 6260 58 27 zich
4669 6260 93 35 jegens
4793 6262 47 28 het
4856 6272 35 19 va-

3969 6302 104 26 derland
4093 6291 185 40 verdienstehjk
4294 6294 40 26 zal
4351 6294 99 26 maken.

4000 6337 52 26 Sjir.
4072 6332 72 21 komt
4159 6328 151 32 vervolgens
4326 6327 41 26 tot
4385 6327 32 26 de
4442 6327 176 34 staatsloterij.
4652 6328 54 28 Het
4714 6328 105 30 behoud
4828 6328 64 30 daar-

3969 6372 46 15 van
4039 6361 61 25 acht
4126 6360 35 32 hij
4189 6369 60 18 eene
4269 6360 135 32 anomalie,
4421 6360 39 27 als
4476 6361 37 33 hij
4532 6363 38 27 let
4587 6373 32 25 op
4637 6363 31 27 de
4685 6365 156 33 afschaffing
4856 6373 53 18 van

3966 6394 31 25 de
4022 6393 79 34 pacht
4119 6392 45 27 der
4180 6392 202 38 pandjeshuizen
4398 6394 28 28 in
4444 6394 80 30 Indië.
4561 6396 56 30 Met
4633 6398 51 27 den
4701 6398 70 27 Heer
4786 6406 51 19 van
4853 6399 37 26 Ho-

3967 6424 113 35 gendorp
4098 6429 87 24 noemt
4202 6428 37 34 hij
4259 6429 30 27 de
4307 6430 85 37 loterij
4411 6441 46 18 een
4475 6432 143 35 onzedelijk
4626 6432 98 28 middel
4731 6442 41 19 om
4782 6432 30 26 de
4824 6432 73 26 schat-

3967 6458 53 26 kist
4045 6461 25 24 te
4095 6461 102 35 stijven,
4220 6471 33 19 en
4269 6464 38 37 hij
4324 6468 111 34 vraagt:
4450 6468 51 27 hoe
4518 6468 24 26 is
4558 6468 21 26 't
4594 6468 122 33 mogelijk
4734 6468 30 25 de
4781 6467 85 32 loterij
4883 6468 28 22 te

3969 6493 156 30 handhaven
4148 6496 28 27 in
4204 6507 46 19 ons
4265 6498 71 35 land,
4354 6510 71 19 waar
4442 6501 31 28 de
4489 6502 84 34 speler
4589 6496 139 33 buiten'de
4746 6501 51 26 wet
4815 6497 99 35 gesteld

3969 6528 84 27 wordt
4071 6537 32 18 en
4120 6539 66 27 geen
4202 6536 252 33 aansprakelijkheid
4470 6543 64 19 voor
4551 6535 193 33 epeelschulden
4761 6534 107 26 bestaat.

4004 6566 39 26 De
4063 6563 65 31 heer
4150 6575 58 21 van
4225 6568 170 30 Swixderen
4411 6569 157 28 constateert
4585 6569 54 26 met
4664 6575 137 26 genoegen,
4820 6566 45 25 dat
4881 6563 32 27 de

3972 6601 137 34 regeering
4136 6604 63 27 alles
4225 6606 100 34 gedaan
4356 6605 72 26 heeft
4446 6605 51 25 wat
4514 6602 120 33 mogelijk
4652 6601 28 31 is,
4698 6609 43 18 om
4757 6600 31 27 de
4806 6599 92 34 begroo-

3973 6634 60 38 ting
4058 6637 77 37 tijdig
4160 6639 27 26 te
4213 6639 65 27 doen
4294 6637 169 28 behandflen.
4498 6638 44 31 Hij
4559 6637 71 24 heeft
4648 6634 48 26 ook
4713 6634 54 25 met
4783 6640 133 26 genoegen

3976 6679 149 26 vernomen,
4142 6673 46 27 dat
4205 6683 51 18 van
4273 6673 30 26 de
4320 6672 64 34 zijde
4410 6671 45 27 der
4472 6669 135 35 regeeriug
4624 6666 40 27 zal
4680 6666 104 26 worden
4800 6672 117 19 overwo-

3965 6703 2 32 I
3980 6715 57 26 gen,
4055 6709 30 30 of
4098 6709 54 30 niet
4170 6717 32 24 op
4220 6716 60 19 eene
4299 6707 27 26 of
4342 6706 93 28 andere
4453 6705 70 32 wijze
4540 6711 48 18 aan
4606 6702 20 25 't
4633 6700 117 32 bezwaar
4757 6699 52 26 kan
4818 6699 104 28 worden
