5067 6898
3889 990 122 32 PRIJS
4035 991 94 30 DER
4149 990 373 31 ADVERTENTIEN:

3508 1044 69 30 Van
3598 1052 66 22 een
3692 1048 41 27 tot
3754 1052 72 21 vijf
3848 1052 119 31 gewone
3989 1043 97 40 regels
4098 1044 31 39 ƒ
4144 1043 89 31 1.25.
4278 1043 78 31 Elke
4378 1044 79 39 regel
4480 1054 78 19 meer
4778 1042 120 40 fQ.25.

3509 1091 182 41 Aanvragen
3710 1100 35 21 en
3765 1088 183 41 vermelding
3965 1097 58 21 van
4045 1089 182 40 liefdegiften
4241 1091 119 30 worden
4383 1091 145 40 geplaatst
4560 1102 52 28 per
4635 1090 80 40 regel
4730 1102 18 18 a
4763 1090 38 30 15
4813 1094 89 26 cents.

3510 1139 162 31 Reklames
3684 1141 34 28 of
3720 1139 230 39 aanbevelingen
3964 1137 146 39 (beneden
4120 1137 51 31 het
4182 1136 243 33 Binnenlandsch
4440 1139 139 39 Nieuws)
4590 1149 52 28 per
4652 1137 78 40 regel
4742 1136 66 32 a.50
4818 1141 89 25 cents.

3510 1186 113 31 Groote
3647 1187 99 30 letters
3768 1187 119 30 worden
3912 1185 148 31 berekend
4081 1195 72 19 naar
4174 1185 50 30 het
4245 1186 98 30 aantal
4365 1198 116 28 rjeioonc
4502 1186 111 40 regels,
4636 1186 51 30 dat
4709 1186 35 39 zij
4767 1182 130 31 besaan.

391 967 475 45 ABONNEMENTSPRIJS
891 977 125 38 VOOtt
1039 986 25 32 3
1089 986 241 31 MAANDEN.

164 1013 78 26 voor
259 1013 193 38 Amsterdam
576 1026 72 39 /6
656 1045 69 17 ._.
777 1033 15 21 <.
803 1045 18 20 0
823 1038 1 9 <
826 1043 32 24 ör
879 1037 35 30 tle
935 1038 80 28 overi
1018 1048 37 31 ge
1077 1036 130 43 plaatoen
1227 1039 52 31 des
1300 1039 86 39 rijks,
1401 1042 151 38 .ƒ7.-.

399 1078 151 22 nummers
569 1097 6 5 
622 1076 99 37 0.03.
771 1084 202 39 Bestellingen
991 1096 35 18 en
1050 1096 168 28 aanvragen
1228 1088 115 35 franko
1355 1088 30 30 in
1397 1094 27 24 te
1437 1089 118 31 zenden.

163 1150 48 21 ir,
234 1156 27 15 i,
285 1122 24 50 'f
407 1121 81 25 m°et
513 1119 131 40 voUaap-
666 1130 58 39 zijn
746 1130 130 41 uiterlijk
899 1143 38 27 op
959 1131 58 30 den
1038 1131 39 31 15
1078 1130 38 19 d<»
1139 1143 58 19 van
1219 1133 35 30 de
1274 1134 19 30 3
1296 1133 24 19 Je
1339 1135 116 28 maand.

159 1157 53 26 Dit
235 1157 69 31 blad
325 1161 159 40 verschijnt
506 1162 167 53 (fcfcdyk.
693 1178 124 31 behalve
839 1188 18 20 0
900 1178 104 31 enkele
1024 1179 26 28 f_
1054 1182 44 26 est
1098 1179 103 30 dacren.

123 171 169 103 N°.
372 178 81 107 U
454 178 324 107 875.

1143 106 620 191 Mkrnvt
3220 110 692 204 fcrant.

4337 200 177 100 A°.
4587 195 341 106 1810.

224 458 1848 423 ALGEMEEN
2217 474 2647 407 HANDELSBLAD.

1883 1004 523 131 Dinsdag
2479 1012 89 96 4
2636 1003 530 105 Januari.

1825 1166 694 35 UITGEVERS-DIREKTEURE_Ï:
2554 1168 334 34 GEBROEDERS
2917 1165 325 37 DIEDERICHS.

248 1273 168 61 Het
441 1284 200 66 jaar
686 1273 227 77 1869.

155 1385 35 32 '4.
224 1387 107 35 loochen
445 1397 70 27 zeide
533 1400 30 27 de
581 1402 118 27 fransche
716 1403 118 27 minister
849 1404 116 26 Baroche
983 1403 25 27 iv
1026 1404 31 26 de

118 1429 98 30 ««Mg
240 1436 48 18 van
308 1434 31 22 10
356 1434 63 32 Juüj
439 1439 61 24 1868
503 1456 5 12 ,
526 1440 40 25 ter
582 1441 169 33 gelegenheid
769 1450 48 18 van
836 1443 30 25 de
883 1443 174 32 interpellatie

116 1468 64 25 Over
204 1468 31 25 de
261 1468 115 37 houding
400 1474 45 26 der
470 1479 151 35 regeering,
646 1482 45 25 ten
716 1482 117 33 op_chte
857 1489 50 19 van
933 1482 46 27 het

117 1508 58 20 cilie
203 1508 40 25 nk
261 1508 107 28 loochen
386 1512 54 28 niet
457 1515 46 25 het
520 1517 107 28 bestaan
645 1528 74 18 eener
737 1521 85 33 partij,
840 1521 61 26 door
912 1522 54 25 ude
978 1524 66 24 ultra-

117 1546 185 27 inontaansche
321 1553 133 31 genaamd,
471 1554 81 26 welke
570 1557 26 26 te
614 1566 70 18 meer
700 1566 103 19 rumoer
820 1560 97 32 maakt,
927 1563 130 24 naarmate

118 1586 32 27 *(1
176 1586 99 26 minder
292 1587 90 33 talrijk
399 1590 35 30 is,
454 1599 31 19 en
503 1592 40 27 die
565 1594 90 31 (onder
672 1597 31 26 de
719 1598 176 27 katholieken)
915 1599 15 25 <1

116 1624 148 30 •-gbladeii
281 1625 69 26 bezit
367 1637 32 15 en
416 1630 31 24 de
464 1633 96 25 meeste
580 1633 188 32 vlugschrift,-:-,
790 1636 116 34 nitgeeft.
926 1635 116 30 tteerder-

118 1661 84 26 heden
217 1663 97 31 echter,
332 1665 79 32 Mijne
437 1667 110 32 Heeren,
565 1671 104 26 ktumeii
686 1674 118 26 volstaan
822 1676 53 25 met
885 1675 63 26 flink
957 1677 26 24 te
992 1678 50 24 kan-

117 1700 93 28 delen;
236 1702 32 31 z(j
285 1704 107 30 spreken
410 1703 96 27 slechts
524 1716 118 19 wanneer
660 1709 45 27 het
723 1714 89 31 nuttig
831 1721 30 15 en
880 1715 176 28 noodzakelijk

116 1743 30 24 is,
164 1746 72 18 maar
253 1739 128 28 verliezen
399 1749 78 25 geene
495 1747 154 27 noodelooze
666 1749 120 26 woorden
807 1759 60 17 over

149 1775 61 26 Wat
234 1775 47 27 het
307 1776 206 30 bovenbedoelde
539 1792 102 18 rumoer
659 1783 104 33 betreft,
781 1788 45 24 het
843 1788 21 24 is
881 1788 26 24 in
926 1788 45 25 het
987 1788 57 32 afge-

113 1811 94 35 loopen
228 1814 60 33 jaar
311 1815 54 26 niet
383 1820 170 33 ve-____e_d,
570 1830 72 18 maar
660 1832 44 15 zoo
722 1824 71 24 sterk
810 1825 183 30 toegenomen,
1012 1824 45 26 dat

113 1848 110 33 tte*4e
241 1858 60 28 lege
319 1853 73 27 tt-ds
410 1853 111 30 beboald
541 1867 87 17 wanen
646 1867 54 21 zou,
712 1860 59 24 wist
784 1867 57 17 men
849 1860 54 25 niet
914 1861 25 24 al
947 1861 26 24 te
984 1860 73 32 goed,

112 1889 48 26 <t_t
178 1886 32 27 de
228 1891 112 30 ernstige
359 1893 73 28 strijd
451 1896 164 30 naauwelijks
634 1896 132 30 begonnen
784 1897 92 25 heeten
894 1897 59 27 kan.
979 1897 69 28 Toch

111 1932 37 18 «en
171 1926 27 25 al
216 1925 53 26 laat
286 1931 60 20 Men
363 1928 63 26 door
443 1930 26 25 al
484 1930 39 26 dit
541 1932 220 34 wapengekletter
781 1935 54 27 niet
862 1936 56 28 zich
943 1938 115 27 omtrent

111 1964 34 24 «Ie
164 1961 146 34 wezenlijke
328 1965 98 27 sterkte
446 1977 50 19 van
513 1970 50 27 den
580 1972 86 33 vijand
685 1974 154 37 bedriegen,
856 1978 58 32 past
933 1978 45 26 liet
997 1989 59 17 eene

111 2002 169 54 *e***Wf
298 2007 177 30 meerderheid
491 2011 32 27 de
541 2013 125 30 teekenen
684 2015 45 27 der
744 2017 83 33 tijden
840 2019 26 26 te
875 2019 94 35 blijven
979 2021 78 33 gade-

111 2043 183 48 WAi-^opdat
312 2047 30 33 zij
360 2047 64 35 niet,
441 2057 63 19 voor
521 2050 45 28 dat
582 2053 46 28 het
646 2056 138 33 oogenblik
802 2057 44 27 der
862 2059 91 27 «flinke
961 2060 80 28 hande-

112 2085 91 27 lingen
236 2092 21 17 is
275 2086 141 34 gekomen,
438 2091 57 27 zich
515 2092 63 28 door
595 2102 46 19 een
659 2095 112 28 handvol
789 2099 197 33 tegenstanders
1003 2099 54 30 late

115 2124 201 32 overrompelen.

149 2163 74 27 blaat
240 2173 66 24 men,
325 2167 52 26 met
396 2169 46 26 het
458 2178 50 26 oog
524 2172 90 35 hierop
632 2184 32 18 en
678 2176 56 27 zich
750 2176 135 28 houdende
902 2178 34 33 bij
947 2179 110 31 hetgeen

116 2204 46 25 het
180 2204 99 27 dichtst
295 2207 80 26 onder
393 2209 30 27 de
442 2211 175 37 waarneming
632 2213 58 35 ligt,
710 2217 132 33 nogmaals
856 2217 48 27 den
915 2218 143 34 afgesloten

110 2243 141 33 jaarkrnig
267 2246 73 31 gade,
358 2248 51 25 dan
426 2248 64 26 treft
508 2257 46 19 ons
572 2252 45 26 het
627 2256 171 33 verschijnsel,
811 2256 46 26 dat
866 2264 133 27 nagenoeg
1009 2259 48 25 alle

116 2282 145 30 dagbladen
287 2291 32 18 en
345 2285 189 34 tijdschriften,
556 2290 40 27 die
614 2302 109 26 vroeger
739 2296 56 25 zich
814 2295 151 27 uitsluitend
984 2297 74 35 bezig

116 2321 105 26 Hielden
246 2323 53 25 met
324 2322 135 31 berichten
484 2335 31 19 en
541 2333 126 30 opstellen
690 2336 150 32 aangaande
860 2337 149 25 voorvallen
1026 2346 31 19 en

115 2361 81 22 «aken
221 2367 51 20 van
291 2368 86 20 zuiver
394 2365 169 37 staatkundig
581 2372 30 25 of
625 2374 228 33 maatschappelijk
873 2375 109 33 belang,
1000 2376 43 26 her-

115 2400 142 32 haaldelijk
282 2401 56 26 zich
364 2405 177 31 genoodzaakt
565 2417 80 27 zagen
663 2413 40 25 tot
720 2413 102 26 kortere
840 2414 30 26 of
885 2414 104 34 langere
1005 2417 39 26 uit-

113 2439 115 31 stapjes,
254 2448 32 25 op
313 2447 46 21 eert
381 2444 53 26 hun
451 2444 43 27 tot
510 2446 93 30 düsvel'
620 2453 103 26 vreemd
742 2452 107 35 gebied;
866 2454 46 26 dat
930 2470 32 4 —
978 2456 79 33 gelijk

116 2480 59 20 men
195 2477 45 27 het
256 2479 120 34 spottend
396 2481 72 28 heeft
483 2485 154 34 uitgedrukt.
654 2506 30 6 -
705 2493 89 27 zekere
816 2496 241 31 aangelegenheden

116 2519 109 28 vroeger
249 2526 30 17 a.
317 2526 50 21 van
392 2524 155 30 wt-uitehd
570 2526 158 37 kerkdijken
755 2533 63 26 aard
840 2533 170 33 beschouwd,
1026 2536 31 27 de

116 2556 130 26 aandacht
262 2557 46 27 der
325 2561 145 34 dagbMeh
485 2565 70 35 bijna
572 2569 27 27 in
617 2580 63 18 even
693 2572 83 34 hooge
787 2575 67 26 mate
866 2575 72 34 bezig
946 2576 111 32 hielden,

148 2597 39 51 »,ü
222 2602 93 46 -S*
333 2604 50 43 Vf'
399 2602 46 26 het
554 2628 6 9 '
578 2616 48 18 Tan
644 2610 31 25 de
692 2611 50 26 olie
759 2621 32 18 eu
808 2621 51 19 van
876 2614 30 26 de
925 2615 90 26 koffie.

111 2662 37 28 He
163 2636 87 54 L<m'
255 2673 18 18 v
339 2639 64 52 •_^
419 2648 63 20 V°°r
500 2647 183 35 Twsta»%<->1
699 2659 63 18 voor
780 2652 31 27 de
828 2653 85 27 hand:
938 2654 119 27 Moeiden

111 2667 97 64 L?!
262 2713 11 18 f
275 2682 41 48 LT
324 2678 63 53 ZICh,
397 2687 26 18 m
442 2681 111 34 hetg°en
568 2694 58 19 weu
645 2688 139 35 ****»
803 2693 79 26 ■**•
899 2694 96 32 WW*
1011 2694 45 26 het

113 2707 56 63 Jg
187 2711 87 27 omdat
292 2713 40 27 die
350 2717 79 28 zaken
446 2720 54 27 niet
520 2721 91 37 langer
627 2726 152 30 uitsluitend
798 2731 38 26 dit
853 2731 123 27 karakter
985 2732 72 28 droe.

116 2751 50 25 Ren
198 2757 72 20 maar
287 2760 141 30 sommigen
446 2758 30 30 de
495 2763 122 31 politieke
632 2777 31 15 en
672 2770 94 25 sociale
777 2772 193 32 vraagstukken
979 2781 63 25 poog-

116 2785 52 24 den
184 2787 27 24 te
229 2789 113 35 brengen
361 2803 31 26 op
410 2797 124 34 kerkelijk
553 2804 98 32 gebied.

113 2861 35 25 bii
169 2832 111 53 __L-_,
358 2842 96 26 ZOggen
457 2837 63 31 'llat
528 2841 40 26 die
579 2843 129 37 P°B&-en
717 2844 37 30 <&
755 2856 45 26 m
810 2849 56 27 wch
878 2850 177 32 openbaarden

113 2901 78 25 tan™
220 2914 14 12 n
266 2876 40 50 \
347 2881 79 45 a.""'-
451 2876 78 33 gdijk
549 2880 115 28 Biiroche
684 2883 45 27 het
745 2887 148 32 wtdrnkto,
912 2889 128 26 ultramon-

115 2939 131 28 katholiek
309 2930 4 4 '
358 2949 24 18 n
412 2913 135 54 *£&?
572 2921 61 26 +'OCh
659 2920 32 30 he
691 2924 92 34 V»Ue
808 2927 57 25 *ich
966 2930 40 24 tot
1025 2930 30 25 de

116 2942 97 63 Men!
233 2944 31 60 !-
416 2954 65 51 «üök
502 2956 56 25 eldt'
560 2963 26 21 rS
602 2965 60 22 OaM
680 2969 57 19 !UÜU
757 2961 138 38 ****
915 2967 126 35 verschijn-

112 2987 74 57 dkf
190 2993 115 52 ______?
314 2993 59 51 7„
380 2988 46 28 het
535 3005 125 24 genowea
671 3002 156 27 hoonden
837 2992 202 46 i_|destaatkun-

117 3057 52 22 v«n
187 3065 65 18 e-m
253 3030 48 53 lil
322 3071 6 12 ,
387 3065 6 18 i
405 3037 59 24 mC
469 3069 6 14 i
501 3040 27 43 °f
531 3041 47 19 nel'
596 3039 132 32 Bcheidi,,g
782 3041 99 28 nieuwe
889 3045 165 35 vereeniging

112 3056 296 69 RIS-S^S
425 3069 112 28 nadol'de
557 3072 46 27 het
621 3078 139 32 00genblik
771 3100 5 9 '
795 3087 69 20 waar
865 3089 32 26 °P
913 3056 142 59 «ne-rSLI

113 3128 35 21 Dn
165 3103 98 53 howér
280 3138 24 18 e.
325 3106 18 24 *
353 3110 35 46 T
397 3104 72 52 bUnf
470 3115 27 17 er
511 3116 136 25 SeiroeW_
656 3120 106 25 gewoon
771 3118 113 32 _ijn«ch
893 3119 26 25 te
930 3117 125 37 beroepen

109 3162 43 27 «e
167 3130 50 60 ï
253 3139 63 51 Jt
341 3138 57 51 f'-
412 3143 57 25 21cU
487 3145 109 26 stomk'n
613 3150 26 24 tv
827 3156 78 28 tegen
924 3130 130 60 degenen,

110 3168 209 63 ZiZnl
367 3183 67 47 T.
737 3200 48 15 van
807 3194 85 22 zuiver
911 3194 143 27 rationalen

143 3215 162 57 Zood__L„
325 3219 39 53 ,?_
391 3213 193 56 Mi>m^}
720 3224 51 28 dan
789 3228 59 26 rede
867 3237 32 18 en
909 3231 126 35 ervaring.

111 3254 196 58 M_to__-£T
508 3259 73 34 str«d
600 3267 74 30 woge
693 3263 100 37 Welligt
811 3265 31 28 de
850 3267 130 33 toekomst
989 3272 65 30 k_n-

109 3326 128 64 Sbr-id
273 3341 58 48 m"'
332 3333 84 57 lrrf?
419 3339 71 26 Cllkt
508 3339 94 39 bela,,g
611 3365 5 11 '
632 3345 28 27 in
683 3347 46 27 het
746 3352 76 32 S™ot
839 3351 73 35 i»h_
932 3363 52 26 nog
999 3357 54 26 niet

109 3360 118 71 R3
233 3418 40 19 aal
273 3371 25 26 M
322 3371 27 26 7
364 3374 45 27 tkt
425 3376 135 61 ï**
578 3391 50 20 ™
645 3386 89 30 z^
752 3389 65 37 *•
831 3361 80 60 werd'
930 3394 124 37 gedreigd

112 3403 383 84 iT^ÏZtZZL*
496 3430 15 19 o*'0
511 3430 26 26 *'
554 3424 123 37 k°rtelÜk

112 3560 69 22 raus
198 3560 61 25 lius
278 3560 53 33 IX,
358 3572 13 17 0
374 3573 15 24 p
406 3568 32 24 29
455 3567 72 33 Junij
548 3572 63 25 1863
637 3580 45 19 een
709 3574 190 33 apostolisclien
921 3575 135 28 zendbrief

112 3596 65 22 doen
195 3599 115 30 uitgaan,
328 3601 133 25 houdende
481 3606 30 21 de
528 3607 195 35 aankondiging
739 3619 51 18 van
808 3621 45 17 een
872 3613 181 31 pekmnenisch

110 3632 130 34 koncilie,
266 3637 26 25 te
309 3645 98 26 openen
426 3648 31 27 op
475 3645 17 25 8
508 3643 142 31 December
671 3647 69 35 1869,
757 3651 43 27 tot
815 3652 81 27 welks
912 3653 142 37 bijwoning

112 3672 111 59 !*,_-
244 3673 17 58 \
262 3677 132 54 ISSC]yr
397 3687 17 18 n
438 3689 50 19 van
514 3684 50 27 de«
586 3689 163 27 oosterschen
767 3691 67 27 ritus
852 3694 100 26 werden
971 3696 70 34 nitge-

111 3718 102 56 3.
227 3732 7 13 '
318 3717 26 57 f
607 3737 31 19 en
652 3730 93 28 andere
755 3735 234 28 met-katholieken
998 3737 56 26 niet

111 3756 67 56 10,
240 3758 122 32 ;ergeten
365 3782 5 5 '
394 3762 66 27 Zulk
482 3772 61 19 eene
569 3768 196 34 buitengewone
783 3775 157 33 handeling,
959 3776 94 26 zonder

116 3794 175 34 vomafgaand
307 3801 104 34 overleg
429 3804 53 25 met
508 3806 31 26 de
556 3808 148 30 katholieke
723 3814 168 35 regeeringen
908 3822 32 19 en
958 3823 32 25 op
1007 3823 46 18 een

111 3833 64 31 W,
202 3836 96 27 waarin
325 3847 78 21 geene
420 3843 139 34 gewigtige
578 3847 139 35 kerkelijke
736 3855 176 30 vraagpunten
932 3862 60 17 eene
1010 3862 31 25 op-

124 3878 85 28 ossmg
227 3874 111 27 schenen
358 3880 25 21 te
402 3879 117 33 eischen,
536 3883 51 28 kon
605 3887 54 26 niet
677 3891 92 25 anders
788 3892 48 26 dan
855 3892 89 33 opzien
961 3892 91 31 baren;

112 3913 27 20 te
155 3918 72 20 meer
253 3914 86 25 omdat
358 3915 30 26 de
405 3918 98 27 inhoud
521 3930 50 20 van
587 3926 50 26 den
656 3930 133 26 zendbrief
796 3931 96 30 zelven,
905 3931 27 25 in
940 3931 113 25 verband

113 3951 54 22 met
184 3951 93 26 indere
295 3956 198 32 verschijnselen
510 3961 92 27 scheen
621 3973 50 19 aan
686 3969 27 24 te
731 3969 139 33 kondigen,
889 3970 44 24 dat
951 3977 59 18 men
1028 3971 26 22 in

112 3989 81 27 Konie
220 3997 167 24 voornemens
411 4004 69 25 was,
497 3997 30 27 de
546 4002 176 39 afkeuringen
739 4017 48 18 van
807 4009 48 26 den
874 4007 122 35 Syllabus
1011 4009 43 26 tot

111 4031 64 22 even
201 4037 46 18 zoo
272 4031 54 25 vele
352 4035 103 33 stellige
482 4037 253 35 geloofswaarheden
759 4050 25 22 te
811 4045 129 31 verheffen
959 4055 31 19 en
1007 4046 47 26 dus

111 4065 35 26 de
155 4069 159 33 verhouding
324 4071 45 25 der
377 4072 168 33 katholieken
553 4081 43 26 tot
604 4083 30 26 de
641 4094 32 24 op
678 4088 56 25 vele
742 4088 54 25 dier
806 4083 152 38 afgekeurde
966 4087 74 32 begin-

112 4104 70 28 selen
198 4107 154 30 berustende
371 4109 210 38 hedendaagsche
600 4126 184 34 maatschappij
796 4134 57 19 zeer
869 4128 26 25 te
914 4126 131 26 bezwaren

146 4165 26 6 -.
214 4148 26 24 H
289 4148 61 26 toch
394 4152 77 31 sprak
510 4154 54 27 niet
598 4160 84 28 alleen
713 4172 51 18 van
800 4163 64 26 /.den
895 4165 159 32 geweldigen

115 4181 97 33 «term,
248 4183 41 26 die
325 4187 30 26 de
389 4187 64 28 kerk
658 4211 72 18 maar
767 4204 48 26 ook
841 4209 65 20 _va_
931 4202 31 26 de
986 4202 56 26 veel-

112 4226 105 28 vuldige
255 4226 57 25 kwa
326 4235 46 22 en,
405 4232 150 26 waaronder
595 4239 32 26 de
670 4241 157 34 burgerlijke
869 4243 183 31 maatschappij

115 4259 99 32 gebukt
246 4265 104 32 ging/V
377 4277 12 13 ,
390 4265 39 27 Do
462 4267 148 35 katholieke
749 4290 45 19 zoo
823 4281 70 27 zeide
926 4280 32 28 de
987 4279 54 28 brie-

113 4299 93 25 verder
224 4302 45 25 „de
287 4303 149 27 katholieke
455 4306 71 32 kerk,
543 4310 61 30 hare
625 4319 193 33 zaligmakende
828 4322 53 25 leer
891 4330 30 15 en
932 4328 107 18 eerwaar-

115 4336 59 33 dige
200 4341 87 32 magt,
314 4341 38 26 als
370 4342 47 27 ook
436 4343 46 27 het
497 4345 110 37 hoogste
625 4364 84 27 gezag
725 4368 51 18 van
794 4359 47 26 den
860 4359 113 33 heiligen
990 4358 65 26 stoel

116 4382 21 17 w
169 4376 47 26 den
244 4378 63 27 door
332 4381 32 26 de
380 4382 185 33 verbitterdste
585 4394 118 32 vijanden
720 4398 70 26 Gods
808 4407 32 17 en
856 4398 45 25 der
919 4397 136 26 menschen

115 4416 148 30 ..mgerand
288 4424 32 19 en
345 4426 45 18 ver
404 4421 74 32 rapt;
495 4424 26 25 al
541 4430 52 25 wat
611 4431 80 38 heilig
710 4444 52 17 was
780 4437 69 25 werd
866 4436 122 31 veracht;
1010 4436 45 25 het

116 4454 66 30 goed
200 4454 45 26 der
260 4455 65 26 kerk
343 4459 174 28 geplunderd-
536 4467 30 20 «1,.
583 4470 25 17 1,;
656 4485 12 2 _
846 4476 5 5 •
886 4476 35 11 ,■■,
946 4475 12 12 «.

115 4491 106 17 t..i;;i_„
247 4500 13 7 „
294 4501 25 6 ~
364 4496 11 11 «
392 4496 6 11 ,
426 4506 25 1 __
475 4485 43 22 ,'
536 4474 30 19 ac
780 4476 191 31 aanzienlijkste
986 4483 57 22 gees-

115 4493 107 30 telijken
247 4500 32 18 en
294 4496 81 24 meest
391 4496 135 31 kathohek
543 4513 107 14 bm.„__
671 4493 25 34 J
866 4515 18 12 „
915 4514 7 13 1
941 4514 7 13 1
993 4514 14 5 ••

117 4528 116 18 —>v»-.i
283 4532 6 14 i
392 4513 11 33 l
419 4535 35 11 .,
543 4513 107 26 gezinde
671 4520 111 19 mannen
800 4522 32 24 op
850 4514 99 26 allerlei
967 4521 87 18 wilzen

116 4528 450 83 sSmtqïe^f
568 4556 24 56 1;
612 4553 83 60 °rf
697 4563 52 51 t
750 4563 60 51 5
811 4522 46 91 f
860 4556 25 24 al
902 4554 152 59 soddr:

117 4604 177 33 verderfelijke
320 4616 31 18 en
377 4611 100 30 allerlei
503 4590 18 47 1-
536 4630 6 11 ,
652 4590 110 28 kMBtM
782 4596 152 30 «%<^ven
938 4604 6 20 ;
963 4592 93 25 uiterst

116 4642 125 25 verbreid-
260 4645 44 21 bet
322 4650 50 17 „_i
439 4620 38 39 •Iv
503 4622 145 32 gedaanten
670 4631 174 27 aannemende
861 4631 90 27 sekten
971 4631 85 27 overal

116 4641 406 87 SïliWiS-Xf
539 4669 53 61 TJ
599 4668 113 61 _ukkige
725 4670 83 32 jeusd
826 4670 70 60 hr
912 4680 46 51 °r
960 4672 96 24 ralium

117 4711 122 35 geleverd
254 4733 46 14 aan
312 4726 31 21 de
351 4727 78 20 1,..™
472 4703 46 44 !'
535 4708 12 25 J
574 4703 6 25 !
598 4713 52 26 n°s
666 4715 81 27 er?er-
765 4719 27 17 m
813 4710 56 27 vele
880 4710 96 27 oorden
984 4720 58 18 over-

117 4805 58 20 men
193 4807 34 19 nu
240 4817 31 5 _
288 4812 41 18 om
345 4806 93 27 slechts
459 4774 87 65 «££
547 4781 423 59 'l^^^SOTeagea.
987 4789 70 25 Daar

117 4835 92 26 landen
221 4839 48 22 h_d
283 4843 97 19 _»l,»n.i
398 4845 25 17 11
469 4848 6 13 1
592 4819 51 26 ken
660 4824 27 24 te
707 4832 106 19 noemen
837 4827 80 25 —iv
925 4828 71 32 bijna
1004 4830 53 24 nlle

120 4845 73 59 rTeds
209 4839 40 63 I
266 4843 91 63 iï,
367 4845 30 60 Ï
398 4845 26 26 U
435 4854 34 51 T°,
478 4858 63 44 gr
550 4854 31 27 de
592 4860 171 37 ov<*tuiging,
774 4865 45 26 dat
827 4866 231 34 geestelijkei,niet

117 4878 151 66 mal%tar
295 4885 312 74 :St;Lb^h
608 4898 58 61 0f
669 4902 115 58 nViJr,
806 4912 84 47 T
912 4876 137 64 d^gd
1052 4920 5 9 '

116 4950 43 27 die
176 4954 39 25 dit
234 4961 137 18 _n__r-«-
429 4935 146 25 Wl-|zcnvan
592 4935 194 32 b«k«'aainheid
797 4943 102 26 werden
908 4945 149 32 gevorderd,

116 4951 555 80 Ï^S^
690 4963 259 51 doenovergaan,°of
963 4983 96 33 blijven

117 5029 152 31 genietende
309 5036 27 24 te
353 5008 57 52 T^o„
489 5044 28 15 ,v
528 5017 71 43 „C'
617 5013 47 26 h°e
677 5017 92 31 gl'oote
784 5019 89 28 achtin
874 5028 18 26 S
909 5021 48 26 ook
976 5022 83 27 elders

117 5106 123 33 sommige
256 5108 81 32 rijken
356 5080 151 64 Küf
508 5083 99 66 S_2L
624 5088 128 61 _?S___.
769 5096 94 53 __7Ï
879 5099 180 30 daaKnboTen

118 5144 103 27 konden
237 5147 104 25 worden
358 5156 126 24 genoemd
501 5132 146 52 vanTtl
674 5130 146 35 oost«nv«k
837 5137 56 25 niet
911 5139 91 31 geheel
1010 5140 46 32 vrij

119 5183 91 28 derine
235 5185 70 26 werd
332 5187 124 24 .ebeeten
501 5164 19 47 l
694 5174 27 17 m
738 5170 78 26 de2en
834 5173 135 26 zendbrief
981 5178 60 30 pluu-

118 5191 92 27 uenng
235 5191 70 21 werd
332 5191 142 33 geheeten,
500 5200 53 20 was
578 5204 59 21 men
660 5204 144 33 natuurlijk
827 5217 61 18 over
904 5210 47 26 het
967 5213 90 25 eeheel

118 5225 174 32 eenigennate
319 5230 182 37 nieuwsgierig
524 5243 64 19 naar
611 5236 111 37 hetgeen
741 5250 31 26 op
789 5243 39 26 dit
844 5244 109 30 koncilie
972 5257 70 20 waar

119 5264 128 34 schijnhjk
265 5276 47 18 zou
321 5269 103 27 worden
439 5271 124 38 besloten,
573 5277 113 35 waarbij,
703 5281 27 26 in
739 5282 249 33 katholiekelanden
999 5298 59 26 ,nog

118 5303 169 65 he?colit
288 5315 44 53 VT
348 5317 48 51 T
398 5317 18 26 g
405 5350 18 18 v
416 5310 91 31 edWdo
539 5326 72 20 Trees
749 5321 46 27 dat
813 5322 31 28 de
861 5324 129 32 besluiten
1009 5339 50 19 van

117 5343 47 25 het
182 5347 105 26 concilie
305 5347 32 28 de
354 5349 106 37 stelling
477 5354 45 27 der
539 5357 167 30 katholieken
716 5362 45 25 ten
780 5366 100 34 opzigt-e
898 5367 46 28 der
959 5369 83 30 heden-

120 5381 126 33 daagsche
263 5389 184 37 maatschappij
467 5401 57 20 zeer
540 5406 47 19 zou
605 5399 209 39 bemoeijelijken.

117 5422 94 61 bladet
233 5471 27 15 -i
353 5438 40 48 r-
397 5469 12 18 f
410 5439 37 47 .er
462 5432 72 52 Zijd!'
550 5438 112 34 hetgeen
679 5441 63 28 door

117 5465 158 61 MtaSl
275 5465 307 72 y^^ST
599 5478 50 26 dW'
665 5484 215 33 -nmedelijken
898 5489 98 35 uitslag
1009 5498 50 19 va_

118 5532 60 26 deze
203 5537 209 37 mededeelingen
437 5510 70 61 kS
515 5519 26 54 fk
562 5530 54 44 7.
625 5525 19 19 *
758 5524 63 26 aard
957 5528 102 28 kondön

119 5570 63 26 ciè'le
200 5571 172 33 handelingen
390 5581 46 27 der
452 5550 133 61 betrSk^
925 5574 61 18 Voor
1004 5569 45 25 offt-

118 5608 67 26 niets
203 5588 233 64 over.da,reei,S
451 5582 330 76 S^'SST"
913 5603 71 27 hield

119 5648 168 34 regeeringen
312 5654 56 26 niet
392 5659 48 25 wel

119 5685 102 28 konden
241 5696 139 22 aannemen
599 5679 33 18 aD
658 5680 60 22 ecne
743 5679 178 31 aiwachtende
945 5683 115 34 houding

119 5712 557 102 •&*!«!fSü»
703 5753 40 26 dH
764 5765 37 48 r
803 5758 70 33 ders;
899 5760 104 27 althans
1029 5771 31 25 °*

122 5810 48 19 von
187 5804 168 35 Hohenlohe,
372 5817 61 20 eene
451 5817 148 31 rondgaan]
611 5796 11 17 *
648 5829 22 19 y
958 5820 6 9 ,
990 5802 70 32 prins

122 5841 48 26 ken
188 5848 168 31 regeeringen
376 5850 102 26 werden
502 5863 15 18 u
519 5824 86 60 fS
605 5829 99 59 itf
706 5831 63 57 t<°'
956 5838 91 28 b<iÜ'°k-

122 5877 45 33 lijk
184 5883 109 34 overleg,
313 5888 94 32 .opdat
424 5889 31 26 de
472 5864 217 52 kZ#
707 5871 41 25 *ot
765 5881 47 44 e^

120 5917 131 37 bouding,
279 5927 81 25 welke
385 5935 59 19 men
469 5930 45 27 ten
533 5902 96 65 \Ztt
659 5952 48 15 van
726 5913 136 54 .r^'™
881 5915 136 28 W^^er
1029 5917 31 27 de

122 5956 27 24 te
540 5946 103 28 WDJte
659 5952 51 20 van
726 5947 46 28 het
788 5950 111 30 koncilie
917 5955 79 27 dacht
1012 5966 47 18 aan

154 5995 58 27 Von
234 5999 155 30 Hohenlohe
416 6006 65 30 gin?
506 6009 98 26 daarin
628 6020 40 15 „•+

122 6031 46 27 het
191 6035 110 30 koncilie
326 6028 195 52 .vermoedelijk
539 6015 53 65 itl
592 6025 40 53 *J
632 6027 28 53 Z
660 6021 38 60 t.,,
694 6030 15 18 V
703 6063 9 19 f
769 6027 32 25 de
1016 6034 46 26 dat

122 6076 209 30 ™*grt__kken
356 6089 47 19 zou
428 6081 159 37 behandelen
781 6074 72 45 Iv?!
865 6115 1 5 .
885 6071 177 34 Geologische

123 6107 77 31 aard,
226 6111 40 28 die
292 6125 32 21 op
348 6128 46 19 een
420 6120 110 26 koneih„
548 6102 21 45 if
581 6115 24 32 v.'
631 6097 63 28 daar
720 6106 191 31 vraa^tukken
938 6119 50 18 van
1004 6111 58 27 dien

122 6141 54 26 «**
193 6146 133 35 hangende
344 6125 333 67 Zea'rll^T
862 6146 91 27 beslist
964 6170 5 9 '
984 6150 79 30 tha»a

123 6176 45 27 de>'
191 6189 139 33 Pauselijke
348 6198 182 27 onfeiffia.rbe,
651 6180 198 35 waarschijnlijk
867 6185 46 27 het
922 6189 139 33 vraagstuk

123 6220 73 26 «■*.
221 6226 66 25 Wolk
286 6200 11 22 J
315 6239 45 19 vra
557 6217 38 37 ,m
611 6210 175 44 **»**«
801 6229 48 18 *ou
868 6226 103 26 worden
985 6236 63 24 geno-

124 6253 103 27 worden
244 6266 124 28 genoemd
400 6242 132 57 mL™
914 6266 63 25 aard
993 6267 70 25 moet

124 6296 61 20 over
201 6292 51 26 alle
267 6304 104 26 vorrten
389 6283 144 59 en^S
696 6295 50 25 °°k
762 6295 46 35 **
821 6301 242 34 «*■___■«

124 6330 129 32 scherden)
273 6333 26 25 in
317 6344 155 31 wereldsche
488 6327 78 53 zaLn
576 6324 111 57 tTï
703 6331 41 27 dl°
762 6343 50 19 Tan
829 6338 31 25 de
878 6339 64 27 kerk
960 6351 50 25 z«»
1019 6352 30 25 ge-

124 6369 63 31 heid
202 6376 48 19 zou
266 6373 104 28 worden
389 6385 125 30 verheven
608 6365 35 50 f
700 6377 32 19 CU
749 6372 41 27 tot
807 6381 60 21 ecße

126 6412 31 28 de
185 6407 207 35 mededeehngen
424 6426 51 20 van
498 6426 46 27 het
570 6436 41 18 nffi
632 6441 5 4 •
663 6415 9 22 J
711 6410 60 26 ïdat
781 6433 6 9 '
804 6415 26 26 te
849 6418 135 28 oordcelen
1000 6430 63 17 naar

129 6452 93 30 CiviUa
247 6446 143 35 Cattolica,
415 6454 31 26 de
470 6441 158 54 afkeuring
723 6455 97 27 orgaan
847 6454 46 27 dL'r
918 6454 73 32 haie
999 6480 6 12 >
1032 6459 31 26 de

129 6490 106 32 concilie
263 6485 85 28 zullen
371 6493 104 26 worden
501 6506 139 27 veranderd
738 6487 48 27 den
807 6493 116 32 s>'ll:1üus
939 6497 64 27 door
1017 6500 46 26 het

129 6534 118 30 creeten,
266 6542 30 6 -
312 6526 94 33 terwijl
423 6529 63 27 toch
502 6533 60 31 deze
579 6547 51 25 arti
632 6549 15 21 t
664 6553 7 21 ,
664 6524 27 18 m
707 6523 103 35 stellig°
827 6529 129 32 besluiten
974 6537 28 25 of
1017 6539 31 26 de-

129 6576 52 33 zijn
203 6578 78 28 tegen
309 6565 213 31 onderscheidene
547 6574 34 27 ho
583 6586 14 17 0
599 6581 12 24 f
612 6583 46 27 dbe
650 6560 54 53 c';"
723 6567 48 21 Van
788 6566 51 27 dea
855 6572 116 32 syllabus
978 6578 85 33 gerigt

129 6615 74 27 leven
221 6612 45 28 der
281 6604 152 33 beschaafde
659 6602 15 17 fa
687 6602 87 24 aseiei»
798 6611 50 21 van
872 6609 46 26 het
941 6614 122 31 politieke

163 6656 63 26 Zeer
241 6651 103 30 terecht
359 6645 164 31 antwoordde
540 6656 19 28 g
560 6657 44 20 raa
605 6654 13 25 f
632 6664 48 21 Von
697 6663 21 8 ._

130 6693 163 34 Oostenrijk,
318 6691 46 30 dat
381 6689 46 32 het
443 6685 117 35 begins.!
576 6697 50 21 vaa
652 6702 65 26 vo-i
718 6681 64 46 a^!,
787 6681 84 46 (op.?,5
879 6684 61 34 Mei)
958 6697 105 22 namens

801 6719 110 32 vriJbeid
927 6725 46 28 der
990 6728 59 30 kerk-

1096 1292 234 34 genootschappen,
1348 1292 69 26 ieder
1433 1292 27 27 in
1478 1293 47 26 den
1544 1293 72 32 zijne,
1632 1293 54 26 niet
1703 1293 26 26 te
1747 1292 152 34 Vereenigen
1916 1302 52 18 was
1978 1293 53 26 met

1095 1329 178 33 praeventieve
1290 1328 182 38 maatregelen,
1491 1332 76 33 tegen
1579 1333 129 32 mogelijke
1720 1332 128 26 besluiten
1866 1341 73 18 eener
1948 1332 84 33 hooge

1094 1367 141 35 kerkelijke
1251 1370 176 34 vergadering.
1454 1371 119 28 Omtrent
1590 1372 113 32 hetgeen
1720 1382 32 24 op
1769 1372 45 26 het
1832 1374 105 25 concilie
1950 1371 80 34 plaats

1095 1407 99 34 grijpen
1211 1416 54 22 zou,
1283 1408 51 27 kou
1358 1417 58 19 men
1435 1410 40 26 tot
1493 1410 47 26 diis
1557 1415 45 21 veV
1618 1411 54 26 niet
1700 1411 50 25 dan
1775 1419 67 18 meer
1867 1411 28 25 of
1918 1411 53 25 min
1988 1420 28 24 ge-

1095 1447 97 32 gronde
1209 1448 165 26 vermoedens
1384 1457 110 25 opperen
1504 1459 31 17 en
1546 1452 66 26 eerst
1622 1456 119 21 wanneer
1748 1449 189 35 ontwijfelbaar
1951 1449 79 33 bleek,

1096 1485 45 26 dat
1157 1494 58 18 men
1234 1489 165 26 voornemens
1416 1488 135 27 koesterde
1569 1491 28 26 of
1610 1489 128 26 besluiten
1762 1509 74 12 ___,
1861 1482 170 40 bepaaldelijk

1095 1530 27 20 »n
1139 1525 76 33 strijd
1231 1528 53 24 met
1300 1527 111 33 hetgeen
1428 1530 81 25 moest
1527 1530 154 26 beschouwd
1697 1531 104 26 worden
1818 1528 37 26 als
1871 1528 161 30 behoorende

1095 1564 41 26 tot
1153 1564 46 26 het
1215 1566 164 31 regtsgebied
1397 1574 48 18 van
1463 1567 48 26 den
1524 1569 77 31 Staat,
1618 1569 51 26 kon
1685 1577 60 18 over
1755 1570 276 32 gemeenschappelijke

1096 1600 187 34 verdediging:-:
1439 1612 11 19 o
1463 1606 102 27 worden
1584 1606 13 26 b
1929 1607 103 27 meende

1096 1648 46 18 von
1162 1638 86 33 Beitst,
1266 1651 46 15 zou
1333 1643 44 25 het
1396 1644 48 26 dan
1462 1652 52 25 nog
1531 1645 60 33 tijds
1607 1654 100 26 genoeg
1723 1646 58 32 zijn.

1129 1677 28 27 In
1175 1678 38 25 dit
1228 1681 123 30 gevoelen
1368 1690 50 18 van
1435 1684 77 31 graaf
1526 1691 50 19 von
1592 1683 80 30 Beust
1691 1685 69 25 werd
1775 1684 126 33 blijkbaar
1912 1685 61 26 door
1983 1685 48 26 alle

1095 1716 167 33 regeeringen
1279 1720 113 30 gedeeld.
1416 1721 59 22 Mon
1494 1730 59 15 nam
1571 1730 60 17 eene
1649 1723 176 30 afwachtende
1844 1723 113 32 houding
1976 1734 56 17 aan,

1095 1761 71 15 maar
1182 1754 46 24 liet
1246 1755 115 33 tamelijk
1375 1756 122 32 duidelijk
1512 1759 104 31 blijken,
1625 1759 46 25 dat
1681 1759 26 25 in
1716 1760 185 25 voorkomende
1912 1761 118 31 gevallen

1095 1788 30 26 de
1135 1791 105 24 rechten
1250 1799 48 17 van
1307 1793 48 24 den
1364 1795 70 22 staat
1443 1802 30 15 en
1487 1802 45 17 van
1544 1795 30 26 de
1585 1796 80 25 mmts
1668 1798 98 31 «happij
1776 1796 97 25 zou.l.n
1881 1798 100 25 worden
1987 1805 30 26 ge-

1095 1826 162 32 handhaafd;
1273 1835 58 18 men
1348 1828 168 28 beschouwde
1533 1832 46 24 dus
1598 1840 48 17 van
1664 1840 71 26 wege
1753 1833 28 26 de
1801 1834 163 33 regeeringen
1984 1834 45 26 het

1095 1863 110 25 koncilie
1225 1865 152 34 voorloopig
1402 1867 38 26 als
1465 1876 46 18 een
1527 1869 87 26 zuiver
1639 1870 139 32 kerkelijke
1796 1871 233 34 aangelegenheid;

1094 1900 89 35 legde,
1201 1904 59 27 toen
1279 1904 46 27 het
1343 1906 102 26 vertrek
1473 1905 44 31 der
1543 1906 168 39 bisschoppen
1729 1910 123 34 naderde,
1881 1912 51 26 hun
1951 1919 78 28 geene

1094 1942 210 37 inoeielijkheden
1313 1944 26 30 in
1357 1945 50 30 den
1416 1956 57 26 weg
1486 1957 32 18 en
1527 1965 31 2 —
1566 1950 78 34 gelijk
1664 1951 31 26 de
1713 1949 167 31 Italiaanse!-
1902 1954 128 35 regering,

1095 1982 40 27 die
1150 1983 27 27 in
1194 1984 56 26 vele
1267 1985 136 33 opzichten
1420 1988 46 26 het
1482 1990 80 25 meest
1579 1990 33 33 bij
1632 1991 50 25 den
1691 1990 83 34 afloop
1792 1991 45 26 der
1853 1993 64 25 zaak
1926 1991 90 28 betrok-

1094 2022 50 30 ken
1162 2023 38 32 is,
1218 2033 31 18 en
1265 2026 104 28 evenals
1388 2028 31 26 de
1436 2029 143 33 Beijersche
1598 2030 178 34 aanvankelijk
1794 2031 40 27 tot
1852 2031 177 34 praeventieve

1095 2065 174 34 maatregelen
1286 2075 115 26 genegen
1419 2069 91 26 scheen
1527 2070 26 26 te
1572 2070 65 34 zijn,
1655 2087 31 4 —
1704 2069 64 30 deed
1785 2073 141 34 hoogstens
1943 2074 87 33 eenige

1096 2101 142 37 pogingen,
1257 2115 39 17 om
1315 2107 63 26 door
1394 2107 45 27 het
1456 2111 164 32 verspreiden
1646 2120 51 17 van
1716 2113 124 32 sommige
1858 2112 73 34 gesch

1096 2143 30 26 de
1143 2150 141 27 oogeiivan
1302 2146 30 26 de
1349 2147 149 26 katholieke
1514 2151 96 26 wereld
1626 2157 61 21 voor
1704 2151 32 27 de
1753 2152 135 33 mogelijke
1905 2153 126 33 gevolgen

1097 2192 47 15 van
1162 2180 45 30 het
1226 2185 110 26 koncilie
1356 2187 26 25 te
1401 2196 104 24 openen.

1128 2224 52 26 Het
1199 2226 89 31 groote
1306 2228 104 33 publiek
1428 2230 112 33 gedroeg
1557 2230 54 26 zich
1629 2230 54 26 niet
1702 2238 45 18 zoo
1766 2231 135 27 volkomen
1918 2232 109 34 lijdelijk

1096 2270 31 19 en
1146 2272 38 17 om
1204 2265 30 24 de
1251 2263 128 32 aandacht
1398 2265 120 37 levendig
1537 2269 25 26 te
1579 2269 115 32 houden,
1713 2269 110 26 ontbrak
1840 2269 46 28 het
1903 2272 129 25 trouwens

1096 2303 54 25 niet
1167 2309 50 20 aan
1233 2303 158 34 geschriften
1409 2315 51 18 van
1479 2316 73 18 voor-
1577 2317 32 17 en
1626 2309 211 32 tegenstanders,
1857 2310 27 26 of
1899 2320 48 17 aan
1957 2320 60 18 voor-

1095 2342 85 26 vallen
1192 2363 5 9 ,
1218 2343 40 26 die
1276 2344 53 26 met
1345 2346 30 25 de
1401 2347 157 26 aanstaande
1585 2349 90 31 groote
1694 2347 178 34 gebeurtenis,
1890 2349 142 34 middellijk

1095 2381 30 25 of
1140 2380 164 37 onmiddelijk
1322 2383 27 25 in
1364 2385 115 25 verband
1496 2386 100 25 konden
1616 2387 104 25 worden
1736 2387 102 31 geacht.

1354 2498 472 41 BUITENLAND.

1323 2619 478 1 Groot-Brittannie.

1130 2683 26 27 In
1192 2683 31 28 de
1239 2685 115 27 britsche
1380 2685 203 30 handekwereld
1599 2687 22 27 is
1657 2696 58 19 men
1749 2696 50 20 van
1817 2693 137 31 gevoelen,
1972 2693 57 33 zegt

1095 2715 31 25 de
1146 2718 151 27 Economist,
1316 2718 45 32 dat
1369 2718 31 27 de
1408 2719 120 27 toestand
1545 2728 50 17 van
1612 2719 30 27 de
1661 2719 216 35 geldmarktmet
1896 2726 44 27 het
1955 2726 74 34 begin

1095 2758 51 18 van
1162 2750 45 26 het
1233 2751 141 33 nieuwjaar
1398 2760 45 18 een
1466 2752 197 41 aanmerkelijke
1689 2756 164 35 verbetering
1877 2765 28 20 za
1907 2758 7 27 ]

1095 2790 74 22 gaan.
1187 2784 38 25 De
1244 2784 275 34 endernemlngszücht
1535 2786 90 33 begint
1643 2787 26 26 te
1687 2789 128 31 herleven;
1832 2791 45 26 het
1897 2792 98 25 krediet
2009 2792 20 25 is

1096 2815 89 31 beter;
1204 2823 26 18 er
1247 2817 48 33 zijn
1315 2817 118 32 grootere
1460 2825 31 18 en
1509 2818 126 27 meerdere
1655 2820 190 38 gelegenheden
1864 2831 40 19 om
1930 2824 60 33 geld
2003 2824 26 26 te

1095 2848 151 28 verdienen,
1265 2857 30 19 en
1317 2849 96 27 hieruit
1433 2850 87 28 maakt
1547 2861 56 18 men
1631 2862 31 25 op
1681 2854 45 28 dat
1743 2854 30 28 de
1800 2856 98 26 waarde
1919 2865 47 18 van
1985 2856 44 28 het

1094 2881 59 31 geil
1173 2881 92 27 weldra
1284 2882 39 26 zal
1339 2882 149 33 toenemen,
1507 2884 45 25 het
1570 2885 118 26 diskonto
1707 2887 129 34 verhoogd
1853 2889 39 25 zal
1910 2890 118 28 worden,

1095 2921 32 18 en
1156 2913 46 27 dus
1225 2922 45 19 een
1294 2913 72 30 einde
1394 2915 39 26 zal
1456 2915 92 30 komen
1576 2927 47 18 aan
1649 2917 48 31 den
1723 2921 92 33 langen
1840 2921 123 28 stilstand
1980 2929 48 19 van

1095 2947 80 24 zaken
1193 2947 27 26 in
1238 2947 228 26 Lombard-street.

1129 2978 35 27 De
1183 2979 142 30 Economist
1342 2981 98 32 gelooft
1457 2987 130 26 eveneens,
1598 2982 45 27 dat
1662 2983 30 26 de
1708 2986 122 27 toestand
1848 2987 73 26 beter
1941 2987 21 26 is
1978 2987 50 26 dan

1095 3011 33 32 hij
1147 3012 71 25 sinds
1237 3013 92 32 langen
1343 3014 48 32 tijd
1408 3024 66 21 was,
1501 3017 45 25 dat
1572 3017 45 26 het
1642 3019 162 26 vertrouwen
1821 3019 90 34 begint
1929 3021 86 26 te'her-

1094 3045 73 22 leven
1200 3048 31 21 en
1250 3046 44 24 dat
1320 3045 28 27 de
1375 3048 142 31 nijverheid
1534 3058 45 17 een
1605 3050 94 34 weinig
1723 3060 69 18 meer
1812 3053 136 26 verdienen
1970 3054 58 25 kan.

1096 3078 72 21 -och
1185 3078 44 24 net
1248 3078 59 25 blad
1325 3079 51 25 kan
1395 3080 96 25 hieruit
1515 3081 54 27 niet
1593 3083 46 26 het
1668 3084 93 33 gevolg
1781 3085 123 32 trekken,
1923 3086 45 27 dat
1985 3087 44 25 let

1094 3110 59 26 geld
1170 3116 25 15 in
1215 3110 100 25 waarde
1333 3111 39 25 zal
1389 3113 143 26 toenemen.
1558 3115 53 26 Het
1629 3117 84 26 vreest
1733 3110 46 33 dat
1795 3117 30 26 de
1841 3119 146 31 geldmarkt
2003 3120 27 26 in

1094 3139 150 24 denzelfden
1274 3141 107 27 flauwen
1417 3143 120 27 toestand
1563 3148 39 22 zal
1626 3148 94 30 blijven
1749 3150 154 32 verkeercn,
1919 3152 13 26 d

1093 3171 139 30 natuurlijk
1258 3171 84 27 Menie
1372 3181 159 27 wijzigingen
1558 3177 84 25 zullen
1667 3180 85 31 plaats
1768 3182 110 33 hebben,
1898 3184 66 27 doch
1984 3187 46 26 dat

1094 3197 45 25 het
1156 3198 120 26 diskonto
1294 3209 126 24 ongeveer
1439 3213 30 24 op
1486 3204 112 27 dezelfde
1616 3208 96 32 hoogte
1722 3211 40 24 zal
1780 3214 94 30 blijven

1095 3261 4 5 .
1128 3231 35 24 De
1178 3231 87 31 Tunes,
1284 3231 30 27 de
1328 3231 177 35 geschiedenis
1522 3243 48 20 van
1589 3237 102 35 Europa
1708 3241 145 33 gedurende
1871 3244 45 27 het
1933 3247 96 27 laatste

1090 3268 57 27 jaar
1166 3267 185 33 herdenkende,
1369 3268 51 25 ziet
1439 3268 93 30 overal,
1550 3270 135 30 waarheen
1696 3280 59 20 men
1763 3274 58 27 zich
1830 3276 94 33 wendt,
1943 3286 72 25 regee-

1095 3302 90 28 ringen
1199 3306 26 19 w
1245 3307 45 19 een
1300 3300 69 27 staat
1389 3311 46 17 van
1453 3311 137 28 overgang.
1610 3306 51 26 Een
1680 3307 150 30 chronische
1846 3309 83 30 minisl

1094 3332 74 26 knsis
1182 3339 24 19 is
1222 3332 85 30 overal
1336 3344 47 18 aan
1409 3334 30 30 de
1466 3337 59 28 orde
1545 3346 48 19 van
1611 3339 47 27 den
1677 3341 65 30 dag,
1769 3343 64 28 doch
1851 3352 28 24 er
1896 3344 20 28 is
1936 3346 94 27 slechts

1093 3373 45 17 een
1155 3371 70 20 staat
1241 3376 26 15 m
1285 3371 103 31 fcuropa
1398 3390 4 7 ,
1423 3371 77 26 welke
1519 3371 27 26 in
1561 3373 120 32 hopeloos
1701 3378 85 24 verval
1805 3379 117 25 verkeert
1949 3381 79 25 welke

1093 3399 99 26 minder
1209 3406 32 19 en
1258 3400 100 27 minder
1378 3403 98 32 wordt,
1502 3410 30 21 en
1559 3404 44 27 dat
1623 3405 20 27 is
1669 3406 31 27 de
1720 3407 138 35 kerkelijke
1879 3413 85 30 staat,
1989 3413 43 26 tot

1093 3435 79 24 welks
1187 3435 122 25 toestand
1326 3435 30 26 de
1382 3437 177 39 paus-koning
1584 3439 45 25 het
1655 3441 105 33 geheele
1778 3442 180 31 Christendom
1983 3455 47 17 zou

1093 3468 86 21 wileu
1195 3468 169 32 vernederen,
1380 3469 87 26 indien
1483 3469 35 33 hij
1538 3468 97 30 slechts
1651 3472 50 33 zijn
1716 3474 44 26 wil
1778 3475 38 26 als
1834 3476 69 26 Uods
1919 3476 43 27 wil
1981 3478 51 25 kon

1271 3508 11 18 Q
1302 3501 48 25 alle
1369 3502 97 26 volken.
1502 3502 128 28 Tusschen
1655 3507 48 24 den
1722 3515 64 25 paus
1802 3516 30 18 en
1853 3508 45 27 het
1922 3509 109 26 koncilie

1607 3537 305 44 ,I,!.^s_jlt.c™.^!-ii:l'

1095 3576 45 31 nig
1173 3575 172 32 bezorgdheid
1378 3578 105 26 behoeft
1518 3586 57 20 men
1600 3580 25 25 te
1661 3580 122 32 gevoelen
1807 3588 115 28 aangaan

1093 3608 102 30 uitslag.
1230 3606 53 31 Hét
1298 3611 110 25 koncilie
1429 3612 93 33 schijnt
1539 3620 78 25 geene
1635 3613 63 25 kans
1714 3613 26 26 te
1759 3613 99 27 hebben
1879 3624 40 18 om
1937 3626 32 22 op
1987 3626 31 18 on-

1091 3639 177 35 afhankelijke
1284 3643 71 34 wijze
1372 3644 26 25 te
1416 3643 142 32 handelen,
1577 3652 32 19 en
1629 3652 67 19 waai'
1721 3645 31 27 de
1773 3654 61 26 paus
1860 3648 63 34 gaat
1942 3650 40 26 zal
2000 3650 30 26 de

1091 3674 193 33 geestelijkheid
1303 3677 59 25 hein
1375 3677 197 34 waarschijnlijk
1590 3678 100 32 volgen,
1708 3679 65 27 doch
1791 3681 80 26 welke
1883 3683 66 33 hoop
1961 3683 52 27 kun-

1091 3715 48 21 nen
1159 3707 30 33 zij
1207 3707 100 26 hebben
1333 3716 40 19 om
1395 3709 30 27 de
1450 3710 93 27 wereld
1570 3711 74 32 terug
1662 3711 26 26 te
1707 3712 64 25 doen
1786 3713 92 25 zinken
1902 3730 30 2 —
1950 3717 80 24 welke

1091 3741 81 43 hoop,
1199 3742 77 30 zelfs,
1300 3750 41 18 om
1363 3743 27 25 in
1408 3742 78 27 Rome
1504 3743 27 26 te
1548 3743 110 33 blijven,
1676 3743 45 28 dat
1740 3744 61 27 door
1819 3748 116 25 vreemde
1955 3746 59 35 bajo-

1206 3775 40 25 tot
1266 3782 34 18 nu
1326 3776 43 25 toe
1395 3782 60 19 voor
1474 3775 50 27 hen
1545 3769 118 34 bewaard
1681 3777 20 25 is
1720 3777 157 34 geworden?
1910 3781 45 25 Als
1974 3788 57 20 men

1093 3807 47 24 den
1166 3814 63 25 paus
1253 3807 83 25 alleen
1363 3808 46 24 liet
1433 3808 53 26 met
1505 3808 65 32 zijne
1587 3809 159 25 onderdanen
1760 3830 5 9 ,
1792 3811 46 24 boe
1856 3811 61 32 lang
1933 3813 97 25 zouden

1093 3839 28 32 zij
1147 3839 59 25 hem
1232 3839 50 26 dan
1309 3840 115 26 dulden?
1449 3841 96 31 vraagt
1558 3841 33 27 de
1609 3841 89 28 Times.
1731 3842 56 27 Hoe
1805 3842 61 34 lang
1884 3843 97 27 zouden
1998 3844 30 31 zij

1093 3868 94 35 blijven
1205 3872 94 30 buigen
1317 3880 61 17 voor
1396 3870 40 27 die
1453 3868 210 37 onfeilbaarheid,
1682 3875 92 28 welke,
1792 3875 93 32 terwijl
1903 3878 30 30 zij
1950 3878 81 31 boogt

1093 3911 31 25 op
1141 3901 31 27 de
1188 3904 135 32 oneindige
1348 3904 167 41 zegeningen,
1535 3906 79 25 welke
1625 3906 30 33 zij
1675 3914 47 18 aan
1741 3905 30 27 de
1791 3906 178 30 Christenheid
1989 3908 28 25 be-

1093 3935 73 31 wijst,
1186 3934 30 26 de
1232 3937 253 32 verschrikkelijkste
1501 3938 76 26 vloek
1593 3939 111 32 geweest
1717 3939 22 25 is
1756 3947 63 18 voor
1835 3939 54 26 hun
1906 3940 107 33 ongeluk-

1091 3967 46 30 kig
1154 3965 81 28 land?

1124 3997 54 28 Een
1195 4006 69 18 meer
1280 3999 132 33 gematigd
1430 3998 94 28 artikel
1540 4002 150 34 aangaande
1698 4003 31 26 de
1740 4003 139 34 pauselijke
1897 4004 135 35 regeering

1093 4031 70 25 heeft
1189 4030 30 27 de
1224 4063 6 6 _
1245 4031 77 27 Echo.
1359 4031 46 33 Wij
1434 4032 76 26 halen
1531 4032 32 27 de
1577 4035 122 34 meening
1714 4028 46 35 der
1776 4037 81 26 Timet
1872 4036 58 27 betr

1091 4063 47 26 het
1154 4063 110 26 koncilie
1284 4063 96 26 slechts
1397 4074 45 15 een
1460 4065 106 25 enkelen
1584 4067 61 25 keer
1665 4076 56 19 aan,
1740 4068 87 27 omdat
1845 4069 45 26 het
1906 4069 60 26 blad
1984 4078 45 17 zoo

1093 4095 77 31 hevig
1187 4103 30 18 en
1470 4097 21 24 is
1502 4097 76 32 tegen
1596 4097 48 26 den
1655 4107 66 21 paus
1728 4108 32 18 en
1767 4100 51 33 zjjn

1094 4126 44 28 dat
1157 4127 44 27 het
1219 4135 45 19 ons
1283 4128 64 26 vaak
1363 4128 94 33 schijnt
1474 4128 38 26 als
1531 4129 27 25 of
1572 4129 44 26 het
1638 4127 174 35 bijeenkomen
1839 4141 48 17 van
1905 4133 45 27 het
1968 4134 46 26 kon-

1095 4160 70 30 cilie,
1183 4168 31 19 en
1234 4160 30 26 de
1283 4161 77 26 roode
1377 4160 98 26 hoeden
1492 4169 51 17 van
1559 4161 25 26 al
1602 4162 31 25 de
1649 4163 156 32 vergaderde
1821 4165 157 31 kardinalen,
1998 4175 31 22 op

1094 4192 45 26 het
1153 4194 7 28 |
1178 4193 156 32 zoogeliefde
1361 4193 112 32 dagblad
1508 4200 50 19 van
1596 4193 81 26 «John
1695 4188 4 6 '
1841 4196 48 25 den
1923 4198 107 33 [zelfden

1094 4225 103 26 invloed
1232 4225 102 26 hebben
1367 4222 99 35 gehad,
1499 4226 39 24 als
1563 4233 45 18 een
1624 4228 8 27 |
1643 4226 78 26 roode
1737 4227 65 26 doek
1820 4228 28 26 of
1866 4230 78 28 shawl
1965 4232 63 25 vaak

1094 4265 32 24 op
1143 4265 46 18 een
1206 4258 172 24 vertoornden
1391 4258 63 24 stier
1470 4258 78 25 heeft.
1566 4258 129 33 Sommige
1713 4259 44 25 der
1773 4259 198 37 redeneenngen
1980 4271 50 18 van

1094 4287 31 27 de
1146 4290 80 27 Times
1254 4289 148 34 aangaande
1427 4289 46 26 het
1489 4289 110 28 koncilie
1616 4291 51 33 zijn
1691 4298 46 19 zoo
1756 4291 61 26 wild
1834 4299 31 19 en
1883 4293 85 33 hevig,
1985 4296 45 25 dat

1094 4323 28 28 zij
1142 4324 25 21 te
1187 4323 71 24 recht
1277 4322 90 32 bespot
1391 4322 103 26 worden
1520 4323 63 26 door
1609 4324 213 26 onderscheidene
1844 4325 105 27 liberale
1968 4326 46 35 dag-

1095 4351 100 28 bladen.
1213 4352 73 26 Doch
1303 4352 31 25 de
1352 4352 211 26 ultramoiitanen
1580 4355 109 31 hebben,
1708 4356 63 25 door
1779 4363 63 19 voor
1851 4357 50 26 den
1919 4368 63 24 paus
1998 4361 30 25 de

1094 4385 203 25 onfeilbaarheid
1328 4387 27 22 te
1380 4385 35 26 eis
1417 4391 64 20 enen
1499 4406 6 9 ,
1524 4385 30 26 de
1578 4388 86 24 woede
1690 4395 31 19 en
1747 4389 136 26 misschien
1906 4390 48 27 wel
1982 4394 47 25 den

1094 4419 97 28 naijver
1207 4417 45 25 der
1267 4417 81 25 Times
1368 4419 149 30 opgewekt,
1534 4419 66 25 welk
1619 4419 63 26 blad
1695 4421 74 30 altijd
1787 4422 131 26 verklaart
1936 4433 33 24 op
1987 4434 30 17 on-

1095 4449 105 25 feilbare
1220 4448 70 32 wijze
1310 4447 28 27 de
1352 4447 125 34 openbare
1498 4448 118 35 meening
1635 4459 48 17 van
1701 4452 133 34 Engeland
1851 4454 26 26 te
1896 4457 120 32 vertegen-

1095 4481 154 32 woordigen,
1267 4479 53 28 Het
1336 4478 61 30 blad
1419 4480 113 34 verdiept
1550 4482 54 25 zich
1623 4481 89 37 hierop
1735 4493 57 19 zeer
1809 4483 26 30 in
1852 4486 177 37 theologische

1097 4513 213 30 beschouwingen
1328 4520 50 17 van
1395 4513 45 25 het
1457 4513 97 26 nieuwe
1573 4514 99 35 dogma,
1690 4518 80 25 welke
1787 4519 27 24 in
1832 4526 46 19 een
1896 4521 120 26 staatkun-

1095 4546 44 34 dig
1163 4545 113 34 dagblad
1293 4545 144 33 eenigszins
1447 4545 145 34 misplaatst
1609 4548 58 33 zijn,
1683 4550 65 25 doch
1766 4548 31 27 de
1813 4552 151 35 opmerking
1981 4563 48 17 van

1095 4579 47 26 den
1160 4580 84 30 Echo,
1264 4578 45 26 dat
1325 4578 30 26 de
1375 4578 80 26 Times
1473 4579 137 26 misschien
1625 4581 102 25 misleid
1743 4583 84 25 wordt
1845 4574 63 37 door
1923 4586 32 26 de
1972 4587 43 25 tak-

1094 4612 54 25 tiek
1166 4611 46 26 der
1227 4610 209 27 nltramontanen
1448 4630 5 9 ,
1469 4610 22 25 is
1508 4611 116 26 wellicht
1642 4620 74 18 waar.

1127 4644 38 27 De
1182 4643 69 30 Echo
1267 4644 59 33 zegt
1344 4644 44 26 dat
1408 4643 131 33 Napoleon
1558 4644 20 31 1,
1587 4644 25 26 in
1631 4645 64 31 zijne
1721 4644 164 31 veldtochten
1910 4649 28 27 in
1955 4657 61 19 noor-

1095 4677 78 32 delijk
1188 4677 77 26 Italië
1283 4678 77 31 tegen
1377 4676 31 26 de
1426 4676 203 33 Oostenrijkers,
1648 4672 110 37 dikwijls
1773 4681 91 28 geheel
1881 4682 27 25 iii
1928 4683 31 25 de
1976 4690 54 19 war

1095 4709 69 27 werd
1189 4709 125 34 gebracht
1343 4709 61 26 door
1429 4709 31 26 do
1486 4709 175 34 begrijpelijke
1685 4710 123 32 strategie
1834 4720 50 19 van
1910 4714 31 27 de
1969 4722 46 19 oos-

1095 4742 154 33 tenrijk'sche
1267 4743 141 32 generaals.
1426 4743 92 25 Hunne
1538 4742 171 34 handelingen
1734 4744 115 26 moesten
1873 4754 45 18 zoo
1944 4748 71 25 klaar-

1095 4775 124 33 blijkelijk
1238 4774 40 26 tof
1292 4783 61 18 eene
1371 4775 128 34 geduchte
1519 4775 138 33 nederlaag
1674 4768 99 39 leiden,
1789 4775 45 27 dat
1851 4778 34 33 hij
1904 4780 65 25 vaak
1987 4781 28 25 be-

1095 4807 91 27 vreesd
1202 4817 52 18 was
1272 4807 110 34 gebruik
1398 4809 26 25 te
1441 4808 93 26 maken
1545 4817 50 18 van
1611 4808 32 27 de
1658 4808 109 27 schoone
1785 4809 175 34 gelegenheid,
1977 4820 35 19 om-

1095 4841 46 25 dat
1161 4841 35 33 hij
1218 4850 46 17 een
1279 4835 126 39 krijgslist
1422 4841 119 31 vreesde,
1559 4851 31 17 en
1606 4841 113 25 beducht
1736 4851 50 17 was
1804 4843 46 26 dat
1864 4844 59 26 deze
1937 4846 80 33 schijn-

1095 4873 64 26 baar
1175 4873 233 32 halfwaanzinnige
1424 4874 123 33 strategie
1565 4874 59 26 hem
1641 4874 26 26 in
1688 4883 44 18 een
1752 4874 109 28 valstrik
1877 4879 83 26 moest
1975 4878 43 27 lok-

1095 4907 58 24 ken.
1170 4906 41 25 Na
1228 4906 106 33 cenigen
1351 4906 48 33 tijd
1416 4905 123 28 ontdekte
1556 4909 53 32 hij,
1626 4907 45 26 dat
1688 4909 110 32 hetgeen
1821 4910 37 33 hij
1884 4919 61 18 voor
1969 4911 61 34 fijne

1095 4938 46 25 list
1159 4938 51 25 had
1227 4938 155 32 aangezien,
1406 4938 67 27 niets
1491 4939 50 27 dan
1560 4938 194 35 ongeloofciijk'e
1770 4942 119 28 domheid
1906 4952 59 18 was.

1127 4971 32 26 In
1175 4971 46 25 het
1238 4970 138 34 bestrijden
1394 4970 45 27 der
1455 4975 169 33 argumenten
1641 4969 109 32 voorde
1773 4976 139 34 pauselijke
1936 4977 81 27 onfeil-

1096 5003 141 32 baarheid,
1254 5004 118 25 verkeert
1389 5013 58 17 men
1466 5001 25 30 iii
1509 5007 113 26 dezelfde
1639 5008 196 33 moeielijkheid.
1866 5011 59 24 Wat
1943 5011 30 26 de
1990 5020 28 18 ar-

1096 5037 141 31 gumenten
1254 5035 111 33 betreft,
1383 5036 60 27 deze
1460 5039 50 33 zijn
1526 5040 56 25 niet
1598 5040 84 26 alleen
1698 5041 81 26 slecht
1799 5049 31 19 en
1847 5043 87 31 zwak,
1958 5052 73 19 maar

1098 5068 48 33 zijn
1166 5068 40 26 dit
1222 5078 31 24 op
1271 5069 32 25 de
1319 5069 203 35 koelbloedigste
1539 5073 228 27 onbeschaamdste
1785 5075 78 32 wijze.

1129 5100 128 27 Wanneer
1281 5111 58 17 men
1364 5102 90 26 echter
1479 5105 45 25 het
1547 5106 154 33 ontzaglijke
1727 5107 106 32 gebouw
1851 5108 181 31 aanschouwt,

1096 5132 46 25 dat
1168 5140 33 26 op
1220 5133 60 26 deze
1305 5134 103 25 zwakke
1427 5137 154 25 vermolmde
1598 5138 171 35 grondslagen
1794 5139 22 25 is
1833 5139 149 33 opgericht,
2001 5148 31 17 en

1101 5164 30 24 de
1148 5166 90 30 groote
1256 5166 119 25 onkunde
1394 5174 31 17 en
1442 5167 191 32 onhandigheid
1649 5170 57 27 ziet,
1721 5171 141 25 waarmede
1871 5172 59 25 deze
1939 5172 79 31 schijn-

1098 5193 64 26 baar
1194 5196 165 25 onhoudbare
1391 5197 139 39 stellingen
1564 5199 139 32 verdedigd
1736 5202 118 30 worden,
1873 5203 22 25 is
1915 5211 56 17 men
1989 5211 43 19 eer

1097 5228 109 28 geneigd
1225 5229 26 21 te
1267 5226 124 32 twijfelen
1411 5236 48 15 aan
1478 5229 30 24 de
1525 5230 131 30 uitspraak
1675 5238 47 18 van
1740 5231 46 26 het
1802 5235 98 33 gezond
1910 5235 122 26 verstand

1096 5263 32 19 en
1147 5263 51 19 van
1215 5257 48 34 zijn
1283 5257 73 33 eigen
1375 5259 115 32 oordeel,
1507 5261 51 26 dan
1576 5262 44 26 dat
1636 5270 59 19 men
1711 5263 27 26 in
1755 5264 97 33 goeden
1861 5268 71 25 ernst
1942 5268 76 34 geloo-

1095 5296 50 18 ven
1162 5289 57 32 kan,
1238 5291 46 26 dat
1300 5289 39 28 dit
1356 5293 141 27 onfeilbare
1513 5296 124 33 pausdom
1654 5296 116 34 waarlijk
1786 5298 84 26 alleen
1885 5309 46 17 zou
1943 5300 74 27 berus-

1095 5322 46 26 ten
1167 5330 31 26 op
1214 5323 31 27 de
1263 5324 104 28 zwakke
1383 5327 188 35 grondslagen,
1594 5329 80 26 welke
1694 5329 30 27 de
1740 5329 210 31 ultramontancn
1967 5342 50 18 aan-

1096 5356 103 26 toonen.

1128 5389 39 26 De
1194 5391 64 26 Pall
1283 5391 69 27 Mali
1378 5392 118 33 Gazelle,
1524 5394 80 26 welke
1623 5395 51 27 den
1695 5396 71 26 lsten
1785 5396 109 27 Januari
1910 5407 63 17 voor
1987 5399 47 26 het

1097 5422 84 32 eerst,
1206 5424 27 26 in
1258 5425 78 31 groot
1352 5424 126 34 formaat,
1498 5426 38 27 als
1553 5435 47 19 een
1616 5430 181 31 morgen-blad
1813 5431 21 25 is
1852 5430 180 37 uitgekomen,

1097 5454 136 34 bespreekt
1258 5457 31 25 de
1315 5457 53 25 drie
1391 5457 103 34 legaten
1506 5480 6 9 ,
1527 5460 81 26 welke
1629 5465 61 24 1860
1708 5471 48 18 aan
1779 5467 61 25 1870
1856 5465 27 25 in
1899 5465 135 33 Engeland

1096 5489 96 25 nalaat.
1227 5489 217 31 Buitenlandsche
1473 5492 230 38 verwikkelingen,
1728 5494 217 28 binnenlandsche
1974 5505 45 18 ver-

1097 5520 135 25 deeldheid
1258 5528 30 19 en
1305 5522 242 33 maatschappelijke
1565 5524 99 26 ellenile
1689 5526 50 31 zijn
1755 5528 50 26 alle
1824 5528 53 26 drie
1894 5530 123 32 vertegen-

1097 5552 141 32 woordigd.
1254 5554 54 24 Het
1325 5554 83 25 eerste
1426 5554 87 33 legaat
1530 5555 21 25 is
1569 5556 30 24 de
1616 5554 253 38 Alabaiha-kwestie,
1877 5562 79 25 welke
1975 5564 45 22 hoe-

1097 5584 48 25 wel
1163 5584 30 32 zij
1212 5583 54 27 niet
1284 5584 91 34 langer
1390 5593 57 19 zeer
1463 5587 142 33 gevaarlijk
1622 5589 30 30 is,
1668 5590 89 27 echter
1773 5593 26 26 al
1814 5593 31 26 de
1863 5594 128 26 aandacht
2003 5602 32 18 en

1097 5617 30 24 de
1146 5617 221 32 voorzichtigheid
1383 5617 45 26 der
1447 5619 135 34 regeer!ng
1598 5620 136 30 vereischt.

1130 5647 53 27 Het
1201 5649 97 25 tweede
1316 5650 87 31 legaat
1420 5650 21 26 is
1460 5652 30 25 de
1514 5652 97 26 iersche
1629 5654 112 27 kwestie.
1774 5657 69 26 Deze
1860 5659 70 25 moet
1946 5659 73 25 voort-

1098 5680 98 26 durend
1204 5689 41 28 _op
1264 5680 112 27 dezelfde
1395 5683 71 32 wijze
1485 5683 143 26 behandeld
1648 5688 103 25 worden
1768 5689 38 26 als
1825 5691 39 26 tot
1880 5700 35 17 nu
1933 5692 41 26 toe
1993 5699 28 25 ge-

1097 5713 87 25 schied
1201 5713 27 26 is.
1257 5714 38 25 De
1311 5715 57 25 rust
1383 5717 70 25 moet
1470 5724 32 30 op
1519 5717 32 26 de
1567 5717 161 34 krachtigste
1747 5722 70 31 wijze
1834 5722 119 27 bewaard
1970 5732 50 18 wor-

1098 5745 48 25 den
1157 5766 5 6 .
1180 5754 31 15 en
1228 5746 30 26 de
1276 5746 99 26 fenians
1394 5756 31 22 op
1440 5748 129 26 indirekte
1585 5750 71 32 wijze
1682 5750 136 31 bestreden
1835 5756 118 31 worden,
1974 5757 61 25 door

1098 5779 26 24 te
1141 5778 110 25 voldoen
1267 5787 48 17 aan
1332 5779 30 25 de
1380 5778 99 34 billijke
1495 5781 100 26 eischen
1613 5781 46 27 der
1675 5784 74 27 leren
1767 5794 32 18 en
1817 5787 30 26 de
1856 5789 180 26 land-kwestie

1098 5811 26 25 te
1142 5810 111 31 regelen,
1271 5811 85 25 zooals
1375 5811 30 25 de
1422 5812 188 27 kerk-kwestie
1628 5816 72 26 reeds
1715 5820 122 32 geregeld
1845 5820 21 26 is

1131 5842 53 26 Het
1205 5842 77 26 derde
1297 5843 89 33 legaat
1402 5844 22 25 is
1441 5844 45 26 het
1505 5846 183 34 gevaarlijkste
1704 5858 51 18 van
1773 5854 31 24 de
1821 5854 61 26 drie.
1916 5852 39 27 De
1975 5854 60 26 Pall

1101 5876 66 25 Mali
1185 5876 105 25 Gazelle
1307 5877 76 24 toont
1408 5884 64 21 aan,
1498 5877 111 35 hetgeen
1635 5881 40 33 wij
1694 5883 72 26 reeds
1783 5893 45 18 zoo
1851 5885 65 26 vaak
1935 5885 100 26 hebben

1100 5909 157 35 opgemerkt,
1274 5909 46 24 dat
1337 5909 46 25 het
1400 5909 135 33 engelsche
1553 5913 161 32 pauperisme
1731 5916 30 25 de
1779 5917 168 32 dringendste
1955 5919 65 24 kwes-

1098 5940 35 25 tie
1153 5948 48 17 van
1218 5940 50 25 den
1284 5940 52 33 dag
1351 5949 37 21 is;
1406 5942 70 25 want
1495 5944 56 22 wat
1572 5944 50 32 zijn
1648 5947 122 34 oorlogen
1791 5950 27 25 in
1837 5952 48 24 den
1903 5950 131 30 vreemde,

1101 5973 178 31 oproerigheid
1294 5981 27 15 m
1337 5973 46 26 het
1394 5973 164 31 binnenland,
1576 5978 152 33 vergeleken
1746 5983 53 24 met
1815 5983 45 25 bet
1870 5982 165 32 pauperisme,

1101 6012 47 17 van
1166 6012 60 17 eene
1248 6005 119 32 jaarlijks
1385 6013 27 18 in
1439 6007 87 25 aantal
1551 6009 168 27 toenemende
1742 6013 155 33 bevolking,
1915 6017 40 22 die
1974 6022 61 24 geen

1101 6035 69 26 werk
1188 6035 50 26 kan
1259 6037 109 28 vinden,
1395 6038 40 25 die
1460 6038 39 25 als
1524 6047 27 19 er
1567 6043 70 26 werk
1663 6052 67 24 was,
1757 6046 46 26 het
1827 6047 136 26 misschien
1982 6047 53 25 niet

1101 6076 46 18 zou
1166 6069 85 26 willen
1276 6070 162 30 verrichten,
1466 6071 30 26 of
1511 6072 27 25 in
1554 6074 57 26 vele
1637 6077 119 31 gevallen
1774 6079 56 26 niet
1854 6080 26 25 in
1903 6080 70 25 staat
1988 6087 47 18 zou

1101 6107 50 24 zijn
1169 6102 46 25 het
1231 6102 27 25 te
1276 6102 167 26 verrichten?

1134 6132 37 26 De
1189 6133 135 28 ïniduelen,
1344 6133 78 27 welke
1448 6135 136 32 Engeland
1600 6142 146 27 aanwendt,
1763 6151 41 18 om
1821 6143 45 26 het
1877 6143 159 32 pauperisme

1108 6206 18 2 -
1148 6200 5 8 .
1178 6167 59 41 stn'l
1238 6165 60 43 de?,'
1317 6167 229 34 wordenjaarlijks
1563 6180 69 18 meer
1649 6175 174 26 onvoldoende
1839 6177 142 25 bevonden.
1997 6176 39 25 De

1101 6200 14 21 J
1127 6200 37 22 alt
1180 6200 69 24 Mali
1265 6200 105 26 Gazelle
1388 6200 65 26 weet
1465 6202 53 24 met
1538 6204 52 24 wat
1607 6213 61 18 voor
1685 6206 26 26 te
1735 6208 102 31 stellen,
1846 6208 66 26 doch
1923 6208 113 25 wenscht

1101 6229 83 25 alleen
1201 6229 150 33 voorloopig
1375 6231 31 24 de
1429 6234 130 26 aandacht
1584 6237 26 25 te
1636 6239 117 31 vestigen
1770 6248 32 22 op
1819 6241 46 25 het
1884 6241 91 30 groote
1993 6248 30 22 ge-

1102 6260 77 25 wicht
1196 6269 48 15 van
1266 6262 59 25 deze
1344 6262 136 34 dreigende
1498 6266 122 30 kwestie,
1637 6270 94 32 terwijl
1757 6272 45 25 het
1827 6272 63 25 blad
1911 6273 125 24 voorstelt

1101 6294 38 24 als
1176 6299 60 20 men
1270 6294 30 24 de
1324 6294 64 25 zaak
1411 6296 61 32 gaat
1498 6296 175 37 behandelen,
1698 6309 48 20 van
1773 6312 46 18 een
1844 6304 79 26 ander
1946 6304 76 33 begin-

1101 6326 37 24 sel
1159 6326 37 24 uit
1213 6326 26 24 te
1258 6333 67 25 gaan
1342 6326 41 26 als
1401 6328 41 25 tot
1460 6337 35 18 nu
1512 6331 44 26 toe
1571 6334 152 33 geschiedde

1136 6356 64 32 //Wij
1219 6357 51 32 zijn
1286 6358 84 25 steeds
1388 6358 26 27 in
1431 6360 30 26 de
1479 6367 135 25 gewoonte
1631 6369 128 31 geweest,
1776 6376 41 19 om
1835 6377 46 18 een
1890 6369 74 32 groot
1975 6376 46 18 aan-

1101 6390 39 25 tal
1173 6397 89 18 armen
1303 6391 208 33 onafscheidelijk
1548 6398 26 25 te
1602 6399 93 26 achten
1720 6407 50 20 van
1795 6409 46 19 een
1866 6400 170 27 beschaafden

1102 6422 84 32 staat;
1205 6422 109 32 zoolang
1329 6431 58 17 men
1406 6425 38 24 dit
1453 6428 105 32 gelooft,
1569 6433 85 24 neemt
1662 6441 59 18 men
1729 6441 65 25 geen
1811 6433 136 32 krachtige
1955 6433 66 25 maat-

1103 6454 109 32 regelen,
1231 6462 40 18 om
1289 6455 46 25 het
1350 6455 92 27 kwaad
1459 6459 27 25 te
1502 6459 149 37 bestrijden.

1130 6484 57 28 Het
1211 6487 158 34 pauperisme
1395 6489 71 28 heeft
1492 6493 77 27 thans
1593 6496 89 26 echter
1707 6506 45 17 een
1769 6506 109 25 omvang
1893 6496 143 34 gekregen,

1101 6521 81 24 welke
1201 6527 46 18 ons
1264 6521 149 26 verhindert
1428 6523 46 27 het
1491 6526 98 34 langer,
1604 6530 54 22 met
1675 6528 31 26 de
1723 6524 196 30 handschoenen
1936 6536 57 24 aan,
2010 6528 26 26 te

1106 6553 165 25 behandelen.

1135 6585 50 32 Wij
1202 6586 100 24 moeten
1322 6594 48 17 aan
1388 6587 45 26 het
1449 6591 81 32 werk;
1550 6592 30 25 de
1597 6594 130 32 ernstige,
1743 6593 174 32 voorzichtige
1935 6601 31 17 en
1982 6593 56 25 veel

1102 6617 164 26 omvattende
1291 6620 150 32 inmenging
1462 6621 45 27 der
1525 6625 164 34 wetgevende
1707 6626 89 24 macht
1812 6626 21 25 is
1851 6622 185 35 onontbeerlijk

1101 6650 137 31 geworden
1271 6658 31 18 en
1319 6650 41 32 wij
1378 6651 99 33 hopen,
1495 6656 45 25 dat
1558 6657 40 32 wij
1616 6657 26 25 in
1662 6660 63 24 1870
1740 6657 50 25 iets
1806 6657 79 25 nader
1900 6657 84 25 zullen
1995 6657 28 26 ko-

1100 6687 60 19 men
1183 6681 41 26 tot
1248 6681 46 26 het
1310 6681 112 35 treurige
1440 6685 66 27 doch
1522 6689 191 37 noodzakelijke
1731 6689 110 32 besluit,
1860 6697 41 18 om
1918 6690 119 32 grootere

1102 6715 76 25 otters
1193 6715 26 26 te
1238 6720 97 27 vragen
1350 6722 50 21 van
1417 6716 31 26 do
1461 6719 117 30 standen,
1596 6720 40 26 dio
1651 6716 56 31 niet
1715 6720 40 26 tot
1765 6720 30 26 de
1805 6730 86 18 armen
1900 6720 137 27 behooren.

2368 1333 345 2 Duitschland.

2100 1359 227 33 FRANKFORT,
2359 1365 4 21 i
2386 1363 57 25 Jan.
2480 1367 85 26 [P„ri.
2584 1367 89 31 Korr)
2708 1364 46 27 Uit
2772 1363 128 27 München
2919 1362 84 28 wordt

2069 1391 43 34 mij
2128 1393 188 33 medegedeeld,
2334 1394 45 28 dat
2395 1395 46 27 het
2458 1398 46 32 vrij
2523 1393 130 40 algemeen
2669 1397 143 33 verspreide
2830 1396 118 35 gerucht,
2956 1396 31 27 be-

2069 1426 123 27 treffende
2211 1427 44 26 het
2271 1422 117 33 indienen
2407 1439 50 17 van
2473 1439 59 20 eene
2550 1431 96 27 nieuwe
2662 1430 107 26 kieswet
2786 1430 63 26 door
2857 1430 46 26 het
2911 1429 76 26 minis-

2069 1459 242 30 terie-lloh.'nlohi',
2321 1463 117 25 terstond
2454 1472 33 17 na
2504 1462 44 28 het
2564 1465 176 33 bijeenkomen
2756 1472 50 18 van
2823 1455 48 34 den
2882 1461 119 35 landdag,

2069 1489 91 35 geheel
2178 1493 96 33 onjuist
2294 1496 67 22 moet
2380 1495 100 27 worden
2499 1495 130 33 genoemd.
2655 1498 31 25 In
2701 1496 181 26 ministerieele
2895 1496 106 31 klingen

2069 1525 85 26 wordt
2171 1526 44 25 ten
2232 1526 126 34 stelligste
2378 1530 143 27 verzekerd,
2538 1530 45 27 dat
2601 1530 30 26 de
2648 1530 136 34 regeering
2793 1530 45 26 het
2850 1537 154 19 voornemen

2069 1557 73 27 heeft
2160 1560 118 32 opgevat,
2297 1567 41 19 om
2355 1561 28 24 af
2398 1565 11 20 t
2887 1563 116 26 mersten

2070 1590 58 27 dien
2156 1591 70 27 aanzi
2245 1600 14 17 n
2287 1593 84 25 zullen
2395 1602 30 17 vo
2595 1589 33 31 is'
2643 1596 39 25 dit
2695 1596 81 31 juist,
2794 1603 31 18 en
2843 1596 26 24 ik
2885 1603 74 17 meen
2976 1596 25 25 te

2070 1631 93 25 mogen
2183 1625 158 30 verzekeren,
2359 1624 45 27 dat
2421 1624 45 27 het
2485 1625 98 28 bericht
2593 1635 32 24 op
2635 1628 98 32 goeden
2751 1628 81 32 grond
2849 1628 94 28 steunt,
2954 1628 50 24 dan

2072 1655 72 34 volgt
2161 1656 103 27 daaruit
2281 1656 44 26 dat
2343 1657 45 26 het
2404 1651 312 35 ministerie-Hone_(ohe
2728 1665 66 27 geen
2804 1657 54 27 heil
2865 1658 27 26 te
2902 1661 102 31 gemoet

2070 1688 51 25 ziet
2139 1696 50 18 van
2206 1687 137 34 dergelijke
2362 1688 102 39 poging.
2491 1690 143 28 Trouwens,
2652 1690 31 22 de
2699 1690 92 31 positie
2802 1698 50 15 van
2859 1690 46 24 het
2915 1691 72 24 minis-

2069 1720 65 25 terie
2152 1720 21 25 is
2191 1728 44 17 zoo
2252 1721 97 26 onvast,
2368 1720 45 25 dat
2430 1728 45 17 een
2493 1720 124 33 dergelijk
2624 1720 96 27 middel
2728 1722 43 25 tot
2778 1720 67 28 niets
2854 1729 50 18 zon
2910 1720 91 28 leiden.

2101 1749 53 25 Het
2172 1750 86 31 oi—ieja
2655 1762 1 11 ;
2675 1761 48 15 van
2744 1753 156 33 Grossgerau
2919 1752 70 26 inder-

2068 1780 48 31 tijd
2141 1782 102 24 zoovele
2270 1781 274 30 onaangenaamheden
2570 1783 70 25 beeft
2665 1783 162 27 berokkend,
2858 1785 20 24 is
2904 1785 33 31 bij
2957 1785 44 25 het

2069 1808 117 28 scheiden
2200 1813 91 30 jegens
2310 1812 120 27 bedoelde
2451 1814 136 35 bevolking
2604 1815 53 27 niet
2675 1815 90 33 galant
2781 1817 118 30 geweest.
2922 1808 79 32 Reeds

2068 1843 139 28 pmstreeks
2229 1839 50 28 liet
2303 1843 103 28 midden
2432 1856 48 20 van
2500 1845 141 31 December
2660 1846 52 30 had
2726 1854 60 20 men
2800 1853 28 19 er
2846 1844 45 28 het
2910 1839 76 32 onder-

2068 1871 122 30 aardse—e
2206 1883 66 18 vuur
2290 1878 52 22 wat
2354 1881 152 32 opgepookt,
2519 1883 90 26 zoodat
2617 1880 97 34 precies
2721 1879 103 27 midden
2832 1878 26 27 in
2869 1878 28 26 de
2909 1877 91 27 maand

2068 1905 46 28 het
2141 1907 64 26 oude
2232 1907 131 34 spektakel
2383 1909 48 31 kon
2452 1922 157 22 aanvangen.
2636 1911 157 37 Nauwelijks
2817 1912 51 27 had
2893 1911 31 27 de
2940 1910 61 28 klok

2068 1941 45 26 het
2146 1948 47 19 uur
2226 1948 48 19 van
2309 1941 175 33 nuddernaolïl
2662 1946 27 27 of
2717 1946 31 27 de
2772 1946 136 27 aardkorst
2941 1945 61 33 ving

2069 1982 48 18 aan
2154 1975 24 25 te
2212 1972 135 34 bewegen,
2382 1977 78 28 onder
2494 1988 44 17 een
2581 1972 220 34 oorverdoovende
2839 1978 20 27 bi
2872 1977 129 35 geleiding

2069 2014 48 19 van
2133 2004 125 34 gemisoh,
2277 2010 138 28 gerommel
2434 2020 31 18 en
2480 2011 137 34 gedonder,
2636 2013 44 26 dat
2705 2021 50 18 aan
2779 2013 30 26 de
2833 2011 169 33 voorstelling

2069 2048 59 17 ecu.'
2146 2039 178 33 levendigheid
2343 2041 104 35 schonk,
2466 2046 79 26 welke
2562 2046 31 26 de
2610 2046 116 33 vurigste
2744 2044 135 27 wenschen
2890 2044 44 26 der
2943 2044 44 26 toe-

2068 2072 123 26 hoorders
2206 2078 72 19 verre
2297 2072 26 26 te
2340 2072 84 31 boven
2444 2074 70 37 ging.

2105 2104 33 26 De
2165 2104 156 32 onmidellijk
2347 2105 96 38 daarop
2460 2108 123 35 volgende
2601 2109 50 33 dag
2668 2111 138 26 vertoonde
2828 2109 96 26 slechts
2943 2117 58 20 eene

2069 2137 87 26 flauwe
2174 2137 169 33 afspiegeling
2357 2146 50 21 van
2424 2141 31 27 de
2472 2141 133 40 eigenlijke
2623 2143 176 33 voorstelling,
2817 2143 92 26 zoodat
2921 2140 28 28 de
2961 2143 28 24 be-

2069 2176 97 19 woners
2184 2176 48 19 van
2251 2171 158 33 Grossgerau
2427 2183 31 19 en
2476 2176 145 26 omstreken
2637 2174 217 34 langzamerhand
2871 2176 51 26 alle
2931 2183 72 18 vrees

2069 2203 39 25 ter
2126 2202 61 31 zijde
2206 2202 125 26 zetteden.

2102 2233 47 27 Die
2169 2235 56 26 rust
2242 2243 52 19 was
2309 2236 56 26 niet
2381 2238 92 28 anders
2483 2239 52 28 dan
2542 2239 237 30 eenbe-riegelijke
2789 2239 136 30 voorbode,
2933 2239 70 27 want

2070 2276 31 25 op
2121 2268 48 25 den
2189 2268 89 26 _7sten
2295 2268 52 27 had
2365 2278 46 18 een
2428 2265 216 41 Onheilspellende
2662 2275 157 35 verwarring
2838 2275 83 32 plaats
2939 2274 27 26 in
2972 2281 31 19 en

2070 2308 40 19 om
2127 2301 45 25 het
2190 2300 91 33 stadje.
2298 2301 158 30 Levenlooze
2470 2314 163 26 voorwerpen
2640 2306 112 27 schenen
2760 2306 100 27 bezield
2868 2298 26 33 te
2902 2306 51 34 ziju
2960 2311 28 27 ge-

2070 2333 109 32 worden;
2197 2333 97 26 stoelen
2313 2342 31 18 en
2360 2335 85 34 tafels,
2461 2339 85 26 kisten
2564 2347 31 19 en
2608 2339 90 25 kasten
2708 2339 63 25 alles
2781 2339 51 26 had
2849 2339 73 25 leven
2942 2339 46 26 ont-

2070 2373 98 26 vangen
2186 2373 30 19 en
2235 2366 90 26 .Luiste
2342 2367 24 25 in
2385 2368 46 28 het
2448 2372 70 25 rond.
2536 2372 74 25 Maar
2627 2370 111 34 hetgeen
2759 2369 51 27 veel
2831 2379 73 24 erger
2914 2379 51 18 was
2974 2370 28 26 de

2069 2399 93 26 balken
2177 2399 131 25 kraakten,
2329 2406 90 21 muren
2430 2402 148 33 scheurden,
2588 2412 30 17 en
2627 2402 45 27 het
2681 2404 118 24 ratelend
2810 2402 139 35 geklapper
2959 2404 33 24 dei-

2069 2440 50 18 van
2138 2432 30 26 de
2185 2431 83 27 daken
2285 2431 116 28 vallende
2420 2445 109 24 pannen,
2538 2437 102 26 maakte
2650 2435 44 26 het
2705 2434 105 34 verblijf
2819 2435 26 26 in
2857 2435 31 27 de
2897 2443 105 26 vroeger

2069 2473 45 17 zoo
2132 2464 145 28 vreedzame
2288 2464 136 35 woningen
2433 2470 107 25 ditmaal
2555 2478 45 18 zoo
2609 2469 148 32 gevaarlijk,
2766 2464 45 30 di-.t
2822 2467 141 27 duizenden
2972 2476 31 26 op

2069 2497 30 27 de
2117 2498 99 26 straten
2225 2504 30 19 en
2264 2497 25 26 in
2307 2496 46 27 het
2370 2500 60 32 vrije
2451 2502 57 27 veld
2526 2510 45 19 een
2588 2502 92 33 veilige
2701 2502 170 33 schuilplaats
2887 2500 116 26 zochten.

2070 2532 35 24 De
2126 2530 142 27 elementen
2291 2529 81 27 boven
2398 2532 87 27 hunne
2513 2536 111 25 hoofden
2650 2535 113 33 spanden
2781 2542 86 19 samen
2893 2536 53 24 met
2973 2532 30 30 de

2229 2562 112 26 beneden
2359 2563 85 30 hunne
2463 2569 91 24 voeten
2571 2576 41 17 om
2629 2568 31 25 de
2679 2575 67 17 arme
2764 2567 131 25 bewoners
2904 2568 27 24 te
2939 2567 51 26 teis-

2068 2597 81 26 teren.
2166 2596 39 26 De
2222 2595 80 26 storm
2320 2595 89 30 huilde
2426 2608 31 19 en
2483 2601 30 26 de
2537 2608 78 25 regen
2634 2600 51 27 vi.-l
2708 2598 34 35 bij
2769 2600 130 27 stroomen
2919 2600 84 27 neder.

2069 2630 69 24 Toen
2161 2628 28 28 de
2209 2629 52 32 dag
2277 2627 115 31 aanbrak
2411 2634 67 25 telde
2499 2634 69 25 ieder
2594 2627 184 32 huisvader'de
2798 2634 81 32 zijnen
2901 2641 30 18 en
2955 2626 47 33 wel

2068 2670 85 18 waren
2170 2661 69 25 allen
2255 2660 63 26 door
2333 2669 32 18 en
2383 2665 63 26 door
2463 2667 46 25 nat
2518 2674 31 17 en
2568 2666 149 25 verkleumd
2733 2673 50 18 van
2791 2666 91 26 koude,
2893 2673 71 18 maar
2973 2666 30 24 de

2068 2693 164 35 bewegelijke
2258 2693 137 30 aardkorst
2420 2698 50 27 had
2496 2705 64 27 geen
2585 2698 106 27 enkelen
2709 2698 54 27 dier
2781 2698 118 26 beminde
2915 2698 87 33 telgen

2068 2727 175 38 verzwolgen,
2261 2732 28 20 en
2308 2725 71 30 ieder
2396 2731 90 25 bed-uk
2507 2738 30 26 op
2556 2731 81 25 nieuw
2652 2731 64 31 zijne
2732 2731 115 32 woniug,
2862 2731 40 26 die
2913 2730 76 34 geluk-

2068 2759 144 37 kigerwijze
2229 2758 97 26 slechts
2343 2759 172 38 beschadigd,
2532 2771 71 19 maar
2621 2763 54 26 niet
2692 2763 129 32 ingestort
2838 2771 58 17 was.

2101 2793 90 26 Sedert
2218 2791 70 26 heeft
2313 2799 59 21 men
2396 2797 67 26 niets
2489 2805 69 18 meer
2575 2804 50 19 van
2641 2796 46 26 het
2711 2796 65 26 oude
2800 2796 202 32 aardgerommel

2068 2832 144 18 vernomen.

2099 2906 90 26 Welke
2205 2906 164 31 zonderlinge
2387 2910 151 25 toestanden
2552 2911 41 24 tot
2609 2909 83 26 heden
2708 2915 52 25 nog
2770 2908 25 25 in
2804 2908 46 26 het
2859 2909 61 25 door
2930 2917 73 25 merg

2068 2948 30 18 en
2122 2939 64 27 been
2216 2937 99 27 feudale
2335 2940 187 39 Mecklenburg
2546 2943 122 30 bestaan,
2687 2940 54 27 laat
2758 2940 58 26 zich
2832 2949 22 19 o.
2874 2949 21 18 a.
2913 2941 77 27 beoor-

2067 2973 90 26 deelen
2173 2979 61 18 naar
2251 2973 45 22 liet
2315 2973 123 33 volgende
2464 2979 19 22 si
2490 2978 85 35 aaltje.
2601 2975 102 31 Tijdens
2719 2973 31 26 de
2767 2973 113 35 landdag
2898 2975 26 25 in
2942 2978 60 24 Dec.

2065 3005 31 34 jl.
2112 3005 26 27 te
2157 3004 141 33 Sternberg
2314 3007 143 31 vergaderd
2477 3018 58 21 was,
2542 3008 74 26 heeft
2622 3006 34 33 hij
2668 3005 161 39 wijzigingen
2838 3008 122 30 gemaakt
2976 3007 26 25 in

2068 3039 30 25 de
2115 3038 159 32 belastingen
2294 3045 30 17 en
2341 3039 98 28 nieuwe
2457 3041 145 34 ingevoerd.
2628 3039 66 26 Deze
2705 3038 154 33 bepalingen
2871 3040 56 32 zijn,
2939 3048 61 17 naar

2066 3079 59 19 men
2143 3078 47 19 zou
2205 3069 180 30 onderstellen,
2402 3073 85 26 indien
2506 3084 56 17 men
2581 3074 46 25 den
2637 3071 145 32 algemeene
2792 3073 70 30 regel
2872 3074 40 22 tot
2921 3073 69 24 richt-

2067 3111 74 20 snoer
2157 3103 92 28 neemt,
2263 3097 157 35 verbindend
2431 3116 60 18 voor
2502 3107 28 26 de
2542 3105 111 33 gansche
2663 3103 145 33 bevolking.
2826 3104 47 25 Dit
2881 3104 22 26 is
2915 3105 89 25 echter

2068 3137 54 26 niet
2138 3137 46 25 het
2200 3136 89 32 geval,
2309 3138 70 24 want
2404 3139 117 28 alvorens
2537 3141 31 25 de
2584 3138 97 27 nieuwe
2707 3137 50 25 wet
2773 3145 61 25 mag
2851 3137 137 33 uitgevaar-

2068 3169 61 33 digd
2146 3163 102 32 worden
2274 3175 30 18 en
2321 3168 31 32 zij
2370 3169 120 30 derhalve
2516 3171 130 34 werkelijk
2663 3171 59 30 mag
2739 3169 103 26 worden
2859 3170 142 32 toegepast,

2070 3203 106 27 behoort
2204 3201 31 26 de
2251 3200 133 34 stedelijke
2401 3207 135 32 regeering
2552 3213 48 19 van
2617 3202 113 28 Hostocï:
2747 3201 63 27 hare
2828 3201 175 34 goedkeuring

2068 3244 50 17 aan
2145 3235 31 27 de
2202 3234 50 26 wet
2278 3234 25 25 te
2329 3234 136 31 schenken.
2499 3234 47 31 Dit
2570 3236 132 33 privilegie
2720 3235 90 26 berust
2828 3244 31 22 op
2877 3235 31 25 de
2926 3234 61 33 bepa-

2069 3268 87 31 lingen
2190 3265 119 35 indertijd
2343 3270 122 28 gemaakt
2499 3270 34 34 bij
2568 3270 31 25 de
2631 3267 151 27 overdracht
2817 3275 51 19 van
2893 3267 30 26 de
2946 3267 58 27 stad

2068 3299 113 26 Bostock
2207 3309 31 17 en
2262 3301 63 25 haar
2349 3300 92 32 gebied
2466 3312 50 19 aan
2538 3304 31 27 de
2595 3301 229 34 groothevtoglijke
2848 3300 81 26 kroon
2953 3309 51 17 van

2070 3331 195 34 Mecklenburg.
2295 3332 54 27 Ook
2367 3333 52 26 met
2439 3334 111 30 Wiamar
2567 3337 69 25 moet
2653 3343 59 18 eene
2731 3334 183 32 afzonderlijke
2931 3343 58 18 over-

2069 3365 132 28 eenkomst
2218 3364 154 32 betreffende
2392 3366 137 37 dergelijke
2543 3370 97 33 punten
2657 3367 104 28 worden
2774 3367 117 33 gesloten
2901 3366 39 28 als
2950 3369 53 26 met

2069 3399 120 26 Bostock.
2224 3397 53 31 Het
2295 3400 105 25 behoeft
2417 3403 83 25 schier
2516 3402 54 26 niet
2588 3402 103 32 gezegd,
2711 3400 44 27 dat
2774 3403 30 24 de
2822 3403 74 25 beide
2914 3402 90 28 steden

2070 3432 56 26 niet
2144 3441 58 19 zeer
2217 3432 110 34 geneigd
2346 3432 85 28 zullen
2450 3435 102 27 worden
2570 3433 141 31 bevonden,
2731 3442 39 18 om
2784 3433 130 27 zwaarder
2920 3433 84 27 lasten

2070 3465 51 24 dan
2146 3474 109 22 vroeger
2281 3475 32 24 op
2336 3468 56 24 zich
2412 3468 26 25 te
2464 3468 63 27 doen
2554 3468 90 26 laden.
2661 3468 84 32 dewijl
2763 3468 30 25 de
2809 3468 113 32 landdag
2940 3475 64 25 ge-en

2070 3497 60 24 acht
2154 3497 72 25 heeft
2242 3497 87 26 willen
2347 3497 71 28 slaan
2438 3508 31 25 op
2486 3500 30 27 de
2535 3498 126 33 gegronde
2679 3498 224 35 tegenwerpingen
2920 3498 71 27 inder-

2070 3528 46 30 t.lj.i
2145 3530 20 22 |>.
2715 3540 2 4 ■
2732 3533 45 14 —Cl
2793 3536 27 11 —i
2838 3533 45 14 «iet
2901 3533 103 14 _aüiu

2102 3570 99 25 Binnen
2219 3579 46 18 een
2278 3579 63 26 paar
2360 3570 84 33 dagen
2459 3569 71 27 komt
2548 3569 31 26 de
2596 3570 113 30 landdag
2725 3578 32 24 op
2776 3570 84 22 nieuw
2878 3568 80 38 bijeen
2970 3576 32 15 na

2068 3601 47 28 het
2132 3602 119 33 eindigen
2268 3612 50 18 van
2334 3604 46 27 het
2396 3611 77 20 reces.
2500 3599 85 32 Onder
2602 3601 31 26 de
2650 3602 103 32 punten,
2764 3599 80 26 welke
2861 3599 27 26 in
2903 3599 83 26 behan-

2069 3635 87 32 deling
2174 3635 84 28 zullen
2277 3638 102 24 worden
2398 3638 131 28 gebracht,
2546 3633 112 27 behoort
2673 3632 132 32 insgelijks
2829 3632 45 26 het
2891 3630 112 27 voorstel

2068 3669 43 27 tot
2134 3664 46 33 Eet
2204 3670 27 26 in
2259 3666 133 31 drkulatie
2412 3667 111 31 brengen
2542 3676 46 17 van
2607 3664 195 34 muntbüjetten
2819 3664 63 25 door
2898 3664 30 24 de
2946 3671 43 17 zoo-

2070 3703 139 31 genaamde
2231 3702 128 26 rentekas.
2392 3702 98 31 Hierbij
2511 3702 38 24 zal
2568 3699 30 27 de
2616 3697 133 34 regeering
2766 3705 56 18 zeer
2838 3696 54 26 veel
2910 3697 77 32 tegen-

2068 3733 76 26 stand
2161 3732 180 27 ondervinden,
2353 3733 70 24 want
2439 3732 46 32 vrij
2506 3731 130 35 algemeen
2654 3729 119 39 verlangt
2790 3738 66 17 nien.
2871 3729 45 26 dat
2923 3736 79 26 geene

2069 3767 161 34 vergunning
2248 3767 105 25 daartoe
2372 3765 38 25 zal
2428 3764 102 27 worden
2548 3769 110 30 gegeven
2669 3782 5 8 ,
2692 3762 77 31 tenzij
2780 3762 107 33 bepaald
2909 3759 92 32 worde,

2069 3794 48 30 dat'
2132 3801 99 25 telkens
2249 3797 81 37 specie
2348 3790 84 34 worde
2451 3795 172 38 gedeponeerd
2644 3801 60 19 voor
2720 3795 46 26 het
2776 3795 105 32 bedrag,
2900 3794 46 26 dat
2955 3801 48 19 aan

2068 3831 164 34 mnntpapier
2249 3830 26 27 in
2294 3828 135 28 cirkulatie
2447 3828 38 28 zal
2503 3828 100 26 worden
2620 3827 133 32 gebracht.

2101 3879 31 4 —
2150 3865 38 25 Do
2205 3862 371 34 Provinci'il-Correspondeni
2594 3857 155 34 verkondigt
2766 3859 50 27 den
2833 3857 76 27 vrede
2928 3857 27 26 iv
2972 3857 31 26 de

2069 3896 124 28 volgende
2211 3895 214 31 bewoordingen:

2176 3926 116 30 toestand
2310 3935 48 18 van
2372 3920 102 44 Europa
2492 3925 20 27 is
2530 3925 25 27 in
2574 3922 54 27 elke
2646 3921 116 35 richting
2783 3921 111 32 bepaald
2910 3921 77 27 vreed-

2069 3967 71 18 zaam
2157 3960 26 26 te
2200 3967 122 24 noemen;
2341 3959 30 26 de
2387 3959 104 33 politiek
2510 3958 65 26 aller
2581 3953 168 34 regeeringen
2758 3952 84 30 wordt
2849 3954 155 26 beheerscht

2070 3992 60 25 door
2150 3992 30 24 de
2196 3993 122 31 oprechte
2334 4000 61 24 zorg
2412 3999 61 19 voor
2491 3992 45 24 het
2552 3985 100 31 behoud
2672 3986 45 26 des
2734 3989 96 25 vredes.
2848 3987 38 26 De
2911 3986 77 26 noord-

2069 4024 31 25 du
2106 4023 79 28 itsche
2203 4023 69 27 bond
2297 4023 71 26 heeft
2395 4024 109 25 vanbef
2532 4018 79 31 eerste
2639 4018 138 33 oogenblik
2803 4020 32 28 af,
2863 4019 46 25 het
2934 4019 70 25 werk

2068 4057 78 32 zijner
2164 4056 164 34 hervorming
2346 4052 242 35 onvoorwaardelijk
2603 4049 38 26 als
2657 4059 46 17 een
2720 4052 137 33 waarborg
2875 4059 64 19 voor
2954 4051 48 27 den

2069 4089 171 26 wereldvrede
2256 4088 176 33 gekenmerkt.
2466 4085 175 31 Daarentegen
2660 4084 97 30 zijn',do
2769 4083 165 32 europeesche
2946 4093 38 19 mo-

2068 4121 150 32 gendheden
2235 4128 70 18 meer
2323 4128 31 19 en
2372 4129 70 17 meer
2458 4119 123 27 verzoend
2590 4117 51 22 met
2650 4116 44 22 bef
2705 4116 150 30 denkbeeld,
2875 4126 39 18 om
2923 4124 79 22 geene

2068 4153 168 33 hinderpalen
2252 4161 32 25 op
2301 4153 26 26 te
2346 4160 100 26 werpen
2465 4153 76 33 tegen
2559 4148 28 30 de
2606 4146 187 38 ontwikkeling
2816 4149 45 25 der
2885 4148 116 27 duitsche

2068 4186 154 25 toestanden
2233 4205 6 9 ,
2257 4193 32 25 op
2307 4186 31 25 de
2355 4186 171 32 grondslagen
2542 4185 26 24 in
2584 4180 44 25 het
2641 4187 60 22 janr
2721 4183 61 22 1866
2807 4182 99 32 gelegd.
2933 4181 70 25 Juist

2068 4212 30 31 de
2117 4214 188 28 allernieuwste
2330 4218 187 32 ontwikkeling
2542 4215 44 25 der
2607 4211 183 34 staatkundige
2815 4212 188 31 betrekkingen

2068 4250 70 25 heeft
2157 4248 59 25 deze
2237 4247 137 37 opvatting
2399 4251 90 30 geheel
2516 4241 137 35 bevestigd.
2688 4252 50 18 _oo
2765 4252 93 27 mogen
2884 4246 40 31 wij
2952 4244 50 30 dan

2067 4281 46 24 het
2131 4280 97 24 nieuwe
2242 4280 59 31 jaar
2317 4277 119 31 intreden
2453 4284 52 24 met
2522 4289 46 18 een
2583 4276 57 27 vast
2663 4277 163 26 vertrouwen
2843 4287 32 24 op
2891 4279 46 25 het
2953 4278 33 25 be-

2068 4311 70 27 houd
2153 4319 50 19 van
2220 4311 48 27 den

2378 4374 306 54 Oostenrijk.

2100 4447 34 26 Te
2169 4446 112 27 Weenen
2316 4446 48 32 zijn
2404 4449 45 22 100
2472 4442 150 31 beschaafde
2640 4447 30 18 en
2687 4440 120 31 geleerde
2824 4453 110 19 mannen
2952 4446 37 30 bij-

2068 4479 170 32 eengekomen
2257 4485 41 20 om
2316 4487 45 17 een
2372 4480 165 32 vereeniging
2544 4478 40 26 tot
2594 4472 74 28 stand
2676 4472 26 24 te
2713 4472 113 35 brengen
2837 4478 40 24 tot
2887 4474 99 30 verdedi-

2070 4512 63 32 ging
2153 4519 30 18 en
2200 4509 168 33 handhaving
2386 4512 45 25 der
2446 4513 117 25 duitsche
2578 4507 132 30 belangen.

2100 4558 31 2 —
2147 4543 39 26 De
2204 4543 118 27 arbeider
2341 4543 130 34 Hartung,
2489 4546 74 37 tegen
2583 4540 64 26 wien
2663 4544 47 17 een
2727 4537 76 28 bevel
2828 4543 41 24 tot
2896 4541 91 26 inhech-

2068 4576 172 30 tenisneming
2257 4583 52 17 was
2326 4574 210 33 uitgevaardigd,
2554 4583 30 17 en
2602 4571 38 27 die
2657 4567 56 25 zich
2732 4569 39 27 uit
2789 4572 31 26 de
2837 4574 93 26 voeten
2949 4573 51 26 had

2068 4607 136 33 gemaakt,
2230 4606 71 26 heeft
2327 4606 71 31 zich,
2425 4609 78 33 gelijk
2524 4607 28 26 de
2575 4605 98 27 If'icner
2694 4600 228 35 Vorsladtzeitung
2941 4613 45 18 ver-

2067 4641 93 28 neemt,
2178 4646 63 19 naar
2257 4638 90 32 België
2365 4638 122 33 begeven,
2505 4641 41 27 ten
2564 4637 71 26 einde
2653 4632 54 25 zich
2722 4632 63 27 daar
2803 4636 26 26 in
2848 4638 154 32 verbinding

2068 4672 25 25 to
2118 4671 93 26 stellen
2231 4672 53 26 met
2306 4671 50 26 den
2379 4672 155 32 gevluchten
2554 4664 256 34 gociaal-demokraat
2836 4670 164 27 Soebaritscn

2069 4707 58 28 (een
2145 4704 99 25 Kroaat
2261 4711 48 18 van
2327 4703 133 33 geboorte)
2479 4707 40 25 die
2539 4703 56 26 zich
2610 4702 26 24 te
2655 4697 63 31 Quie
2727 4698 73 27 Train
2820 4711 50 17 aan
2888 4703 30 26 de
2931 4706 56 24 fran-

2067 4736 58 26 sche
2143 4743 77 25 grens
2237 4734 123 34 ophoudt.

2100 4783 32 4 —
2158 4768 46 26 Uit
2224 4768 87 38 Praag
2328 4768 84 26 wordt
2428 4770 109 32 gemeld,
2554 4767 45 26 dat
2616 4763 43 26 des
2675 4761 79 33 daags
2772 4770 63 21 voor
2858 4767 142 33 nieuwjaar

2068 4808 59 19 eene
2145 4800 105 33 scherpe
2267 4800 167 33 huiszoeking
2451 4802 71 25 heeft
2537 4799 84 34 plaats
2637 4794 83 33 gehad
2738 4794 26 26 in
2783 4794 30 28 de
2832 4800 103 33 woning
2952 4807 50 19 van

2068 4834 48 26 den
2133 4833 217 27 hoofdredakteur
2367 4833 45 26 der
2428 4834 128 32 Narodmj
2572 4831 74 31 Listy-
2673 4826 59 25 Men
2752 4831 129 26 wenschte
2890 4832 32 26 de
2931 4832 70 27 hand

2068 4867 26 26 te
2111 4866 94 33 leggen
2218 4874 32 25 op
2267 4866 30 26 de
2314 4866 67 32 kopij
2400 4874 48 18 van
2466 4874 45 22 een
2530 4863 91 30 artikel
2633 4859 155 26 betreflende
2798 4863 48 26 den
2857 4866 109 30 opstand
2975 4866 26 25 iv

2068 4898 130 30 Dalmatië
2216 4907 31 18 en
2263 4907 33 26 op
2311 4898 46 26 het
2372 4898 165 27 handschrift
2552 4905 48 18 van
2619 4900 44 18 een
2681 4892 81 31 opstel
2783 4902 60 19 over
2862 4892 31 31 de
2903 4897 84 27 school-

2068 4933 169 30 konimissiën,
2255 4932 61 26 hare
2334 4932 193 32 samenstelling
2543 4937 30 18 en
2587 4925 120 32 werking.
2722 4924 40 26 De
2773 4928 90 31 politie
2872 4930 22 25 is
2903 4930 27 26 in
2939 4930 63 26 hare

2068 4968 98 33 poging
2183 4965 54 26 niet
2255 4963 130 34 geslaagd.

2100 4996 57 31 Mét
2176 4996 154 34 betrekking
2346 4996 41 26 tot
2404 4996 50 26 den
2470 4993 118 30 toestand
2603 4997 26 19 m
2647 4993 130 22 Dalmatië
2794 4994 132 26 verneemt
2943 5003 58 18 men

2069 5041 57 18 zeer
2151 5031 119 33 gunstige
2289 5029 148 31 berichten,
2454 5035 63 19 voor
2531 5030 91 22 zoover
2639 5022 58 26 deze
2713 5022 27 25 in
2758 5022 157 37 betrekking
2928 5028 74 26 staan

2069 5067 40 25 tot
2127 5065 31 26 de
2176 5061 194 34 onderwerping
2386 5061 45 26 der
2446 5057 174 37 insurgenten.
2644 5054 53 26 Het
2721 5056 115 26 voorstel
2852 5059 41 26 tot
2911 5059 76 27 onder-

2069 5098 115 33 werping
2199 5105 50 18 aan
2265 5096 46 25 het
2328 5094 92 33 wettig
2440 5100 86 26 gezag,
2545 5091 61 25 door
2622 5087 31 25 de
2668 5087 133 26 bewoners
2818 5098 52 19 van
2887 5092 115 26 Crivocie

2068 5128 144 33 ingediend,
2230 5137 21 17 is
2263 5127 63 26 door
2335 5127 48 26 den
2404 5120 249 39 opperbevelhebber
2673 5127 47 17 van
2739 5120 46 26 het
2802 5124 200 32 expeditionaire

2068 5161 72 31 leger
2156 5166 155 26 verworpen,
2329 5166 32 24 op
2379 5158 81 33 grond
2471 5166 48 15 van
2530 5156 47 25 den
2597 5159 190 25 onvoegzaraen
2798 5154 70 31 toon,
2885 5157 79 25 welke
2975 5157 26 25 in

2068 5193 46 25 dat
2131 5192 111 31 gansche
2268 5191 60 25 stuk
2355 5190 139 25 tieerschte.
2528 5187 53 26 Het
2597 5184 58 33 lijdt
2672 5184 87 26 echter
2786 5194 65 24 geen
2869 5189 91 33 twijfel
2978 5189 28 26 of

2068 5224 31 26 de
2114 5225 146 31 algemeene
2282 5222 131 30 oorzaken,
2432 5222 79 25 welke
2528 5218 72 27 reeds
2616 5216 31 26 de
2666 5216 197 37 onderwerping
2890 5229 50 18 van
2956 5220 46 27 het

2068 5254 157 30 meerendeel
2250 5255 46 25 der
2320 5255 165 30 insurgenten
2511 5251 99 27 hebben
2634 5250 246 33 teweeggebracht,
2906 5254 50 26 ook
2970 5262 32 25 op

2069 5290 31 26 de
2115 5289 131 27 bewoners
2263 5296 48 18 van
2329 5285 115 27 Crivocie
2469 5294 46 18 een
2541 5282 110 34 gelijken
2667 5281 103 28 invloed
2793 5284 102 33 teweeg
2919 5287 85 26 zullen

2069 5323 129 32 brengen;
2215 5320 87 27 ookde
2311 5319 217 31 hardnekkigsten
2545 5313 78 30 onder
2642 5315 30 25 de
2681 5315 176 33 insurgenten,
2871 5317 31 26 de
2915 5320 73 26 Crivo-

2070 5355 105 30 cianers,
2192 5353 31 26 de
2249 5353 93 26 woeste
2368 5349 200 33 bergbewoners,
2593 5346 41 26 die
2657 5346 31 26 de
2713 5348 176 33 gruwelijkste
2908 5352 79 24 wreed-

2070 5387 83 27 heden
2172 5386 126 34 begingen
2323 5392 48 18 aan
2399 5383 28 24 de
2446 5380 137 27 weerlooze
2598 5379 161 31 gekwetsten
2777 5389 32 25 op
2825 5381 46 26 het
2888 5382 117 34 slagveld

2070 5419 207 34 achtergelaten,
2296 5417 48 26 ook
2354 5417 30 31 zij
2394 5414 84 26 zullen
2485 5413 57 25 zich
2550 5409 97 27 weldra
2654 5413 103 26 moeten
2773 5413 182 35 onderwerpen
2974 5426 30 15 en

2070 5454 31 26 de
2119 5453 67 26 straf
2200 5452 100 27 hunner
2316 5447 130 27 misdaden
2464 5446 102 30 dragen.

2104 5483 246 35 Niettegenstaande
2367 5480 72 26 reeds
2456 5485 86 24 eenige
2561 5477 83 32 dagen
2653 5477 50 26 zhn
2711 5479 201 34 voorbijgegaan
2920 5483 86 26 sedert

2072 5518 30 26 de
2119 5518 97 26 nieuwe
2224 5516 93 33 gezant
2327 5519 48 19 van
2385 5510 106 31 Pruisen
2499 5517 31 17 en
2539 5507 48 26 den
2597 5507 217 30 noordduitschen
2824 5512 70 27 bond
2903 5523 61 19 voor
2974 5507 31 34 de

2072 5551 81 26 eerste
2161 5549 69 27 maal
2237 5550 45 24 ten
2290 5548 65 25 hove
2361 5544 143 27 verscheen,
2513 5548 41 18 om
2563 5541 50 25 den
2622 5542 87 27 keizer
2727 5544 63 33 zijne
2799 5545 207 33 geloofsbrieven

2072 5584 41 25 ter
2140 5583 71 26 hand
2226 5582 26 25 te
2277 5580 107 28 stellen,
2402 5575 81 28 wordt
2502 5580 51 25 nog
2570 5574 132 38 algemeen
2721 5578 142 37 gesproken
2882 5589 60 19 over
2960 5581 47 27 het

2072 5615 129 31 incident,
2225 5611 113 27 hetwelk
2363 5609 34 34 bij
2420 5608 39 26 die
2477 5606 167 31 gelegenheid
2660 5607 72 27 heeft
2747 5609 87 33 plaats
2850 5613 99 33 gehad;
2968 5615 39 25 dit

2072 5649 21 26 is
2109 5649 26 25 te
2153 5655 70 19 meer
2239 5646 45 26 het
2302 5642 90 37 geval,
2408 5639 84 34 dewijl
2507 5646 63 18 voor
2587 5647 47 17 een
2650 5648 63 25 paar
2730 5642 84 33 dagen
2831 5653 60 18 eene
2909 5646 85 34 bijzon-

2074 5681 105 26 derheid
2197 5675 206 34 dienaangaande
2419 5674 21 26 is
2457 5672 98 27 bekend
2571 5673 150 33 geworden,
2739 5676 80 26 welke
2837 5686 51 18 aan
2903 5674 104 33 de'zaak

2073 5713 64 27 haar
2154 5709 164 35 eigenaardig
2337 5707 76 26 relief
2427 5702 111 31 scherikt.

2104 5746 40 32 Bij
2161 5741 181 35 gelegenheid,
2361 5740 46 26 dat
2424 5740 31 24 de
2472 5737 118 34 generaal
2609 5744 50 19 von
2676 5737 170 37 Schwelnitz,
2865 5744 31 26 de
2914 5746 93 32 gezant

2073 5779 27 24 in
2115 5776 117 28 kwestie,
2250 5774 53 25 met
2321 5773 46 25 het
2385 5771 133 32 hofrijtiug
2535 5774 32 24 op
2583 5767 46 26 het
2647 5772 132 33 voorplein
2797 5783 50 19 van
2863 5777 47 25 het
2928 5779 79 32 paleis

2074 5818 52 19 was
2144 5807 189 33 aangekomen,
2350 5803 99 28 bevond
2466 5800 54 26 zich
2537 5800 103 26 iemand
2657 5811 50 18 aan
2725 5805 30 26 de
2772 5809 91 31 groote
2882 5811 60 34 trap
2957 5818 51 19 van

2074 5843 48 25 den
2146 5842 112 30 ingang,
2277 5838 39 25 die
2335 5844 63 19 naar
2413 5837 46 25 het
2474 5832 98 28 scheen,
2590 5832 65 27 alles
2672 5836 27 26 in
2717 5835 46 28 het
2780 5841 69 25 werk
2868 5843 81 25 stelde
2968 5852 40 18 om

2074 5876 30 25 de
2121 5872 129 28 aandacht
2265 5870 27 27 te
2309 5870 124 28 trekken;
2447 5867 34 32 hij
2492 5871 52 19 was
2552 5865 107 31 gekleed
2668 5868 26 26 in
2704 5870 175 30 hanoversche
2889 5876 119 31 uniform,

2073 5908 110 32 hetgeen
2209 5904 54 25 niet
2288 5902 93 32 weinig
2387 5897 137 31 toebracht
2531 5903 44 19 om
2593 5906 48 18 aan
2661 5901 30 26 de
2708 5903 65 26 zaak
2791 5906 63 26 zelfs
2870 5915 71 18 meer
2959 5909 50 26 dan

2073 5940 47 25 den
2146 5937 80 32 schijn
2252 5942 76 19 eener
2353 5930 181 28 demonstratie
2559 5929 26 25 te
2610 5939 90 21 geven.
2726 5935 39 26 De
2784 5944 60 19 man
2861 5939 26 26 in
2906 5940 31 26 de
2954 5942 56 25 niet

2073 5979 69 19 meer
2159 5968 106 27 officieel
2283 5967 110 25 erkende
2411 5963 107 27 uniform
2535 5967 53 20 was
2606 5962 30 26 de
2655 5965 156 37 kroonprins
2819 5979 51 18 van
2878 5973 129 27 Hanover.

2074 6005 53 25 Het
2143 6004 56 24 hier
2216 5999 191 34 medegedeelde
2425 5996 47 27 feit
2487 5995 51 25 had
2556 6000 47 20 een
2620 6005 57 19 zeer
2694 6007 211 27 onaangenainen
2914 6005 96 28 indruk

2074 6034 119 35 gemaakt
2211 6040 31 26 op
2258 6033 50 26 den
2323 6031 156 39 pruisischen
2494 6027 100 31 gebint,
2614 6027 112 35 hetgeen
2735 6033 63 27 door
2807 6035 48 26 den
2864 6038 131 32 scherpzin-

2073 6069 78 32 nigen
2169 6065 197 34 rijkskanseher,
2374 6064 59 33 zegt
2444 6061 30 26 de
2484 6060 69 25 Neue
2561 6060 181 37 KreiePresse,
2753 6067 177 37 onmiddellijk
2940 6072 70 27 werd

2074 6106 201 26 waargenomen.
2291 6097 54 27 Het
2353 6096 93 34 gevolg
2453 6094 104 27 hiervan
2557 6122 6 5 _
2576 6098 69 26 was,
2663 6097 45 25 dat
2727 6099 93 32 weinig
2913 6104 97 27 daarna

2074 6142 46 18 een
2153 6130 228 28 hoofdambtenaar
2413 6136 47 17 van
2487 6126 31 22 de
2542 6126 201 37 iijkskanselarij
2773 6131 57 27 zich
2857 6137 152 26 aanmeldde

2073 6167 34 33 bij
2127 6164 48 26 den
2192 6164 63 26 heer
2270 6163 109 28 Platen,
2396 6162 341 32 opper-ceremomemeester
2746 6171 51 19 van
2805 6165 50 27 den
2864 6169 145 27 c_-konin<»

2074 6207 50 17 van
2148 6197 128 25 Hanover.
2302 6195 46 25 Uit
2372 6201 74 17 naam
2472 6196 46 19 van
2544 6190 52 25 den
2622 6190 61 30 heer
2700 6203 51 18 von
2769 6197 81 26 Beust
2868 6201 87 26 deelde
2974 6193 34 37 hii

2074 6231 59 25 hem
2158 6229 70 26 diens
2250 6228 81 31 hooge
2349 6222 214 32 ontevredenheid
2580 6223 73 26 mede
2672 6235 60 18 over
2750 6229 46 26 het
2812 6230 143 35 gebeurde;
2973 6230 30 31 hi'

2074 6261 97 33 voegde
2190 6268 28 19 er
2233 6261 48 24 den
2300 6259 100 25 wensch
2418 6257 48 30 bij,
2484 6255 44 24 dat
2544 6255 32 22 de
2595 6257 155 30 onttroonde
2766 6262 98 37 koning
2874 6266 45 25 het
2930 6275 63 24 voeg-

2074 6301 71 19 zaam
2161 6294 89 24 mocht
2267 6291 93 26 achten
2375 6298 58 17 zeer
2448 6287 103 34 spoedig
2569 6294 47 19 een
2631 6292 152 28 vreedzaam
2799 6298 106 32 verblijf
2919 6299 91 28 buiten

2074 6327 30 25 de
2121 6333 110 25 grenzen
2249 6324 45 26 der
2309 6318 196 37 oostenrijksche
2520 6318 89 27 staten
2626 6321 27 25 te
2669 6322 98 31 kiezen.

2105 6352 67 32 Deze
2198 6358 93 25 laatste
2314 6350 188 38 bijzonderheid
2511 6356 20 18 is
2542 6348 74 31 dezer
2628 6354 84 34 dagen
2720 6358 102 28 bekend
2831 6364 137 28 geworden
2979 6374 32 18 en

2074 6391 72 32 geeft
2170 6390 40 26 uit
2235 6390 48 25 den
2304 6386 61 28 aard
2392 6387 44 24 der
2452 6381 59 28 zaak
2531 6383 54 26 stof
2598 6386 43 25 tot
2657 6390 100 27 allerlei
2777 6402 47 24 op-
2844 6405 31 15 en
2893 6405 100 19 aanmer-

2074 6423 104 33 kingen,
2194 6431 63 17 naar
2276 6420 93 32 gelang
2392 6426 48 18 van
2451 6417 28 25 de
2498 6417 122 31 politieke
2629 6423 234 34 grondbeginselen
2872 6428 128 34 dergenen

2074 6455 41 25 die
2133 6456 31 25 de
2184 6455 60 25 zaak
2263 6452 145 32 bespreken.

2107 6500 30 5 —
2163 6487 69 26 Eene
2256 6484 136 33 deputatie,
2411 6478 136 30 bestaande
2572 6483 40 24 uit
2635 6483 46 27 het
2696 6487 174 38 domkapittel
2888 6503 31 18 en
2928 6495 40 26 uit
2979 6496 31 26 de

2074 6520 105 31 geheele
2197 6516 193 34 geestelijkheid
2406 6516 44 25 der
2466 6516 98 21 diocees
2583 6516 71 32 Linz,
2662 6519 22 26 is
2698 6529 64 19 naar
2772 6523 112 30 Weenen
2895 6529 102 26 vertrok-

2074 6552 51 25 ken
2143 6560 41 17 om
2200 6550 48 26 den
2267 6550 81 25 keizer
2367 6555 46 19 een
2431 6548 72 24 adres
2520 6548 25 20 te
2563 6549 201 34 overhandigen,
2774 6560 104 30 waarbij
2890 6562 122 25 verzocht

2074 6583 85 26 wordt
2174 6583 48 25 den
2241 6582 105 32 bischop
2361 6588 50 19 van
2428 6579 60 27 Linz
2505 6585 50 25 zijn
2572 6587 109 26 vroeger
2696 6585 120 32 inkomen
2831 6607 31 5 —
2870 6587 142 30 'best-i-mde

2075 6617 40 24 uit
2143 6615 25 30 ƒ
2186 6619 86 26 12,000
2297 6620 104 27 gewoon
2430 6612 89 25 salaris
2542 6613 54 24 met
2621 6614 32 26 de
2681 6618 146 31 inkomsten
2852 6602 159 52 va_.__£.

2074 6647 133 25 scheidene
2224 6646 216 33 kroOngoederen,
2458 6646 25 21 te
2500 6646 71 21 laten
2591 6646 142 31 behouden.
2750 6653 61 26 Men
2824 6659 132 26 verwacht
2966 6667 46 19 een

2074 6679 144 33 weigerend
2233 6678 139 27 antwoord.

2107 6711 94 26 —De
2219 6711 98 43 l^L*
2341 6707 77 28 bevat
2443 6706 26 26 in
2485 6705 65 27 haar
2563 6707 106 37 J°nS3te
2687 6722 117 25 nommer
2820 6720 47 28 het
2883 6723 128 31 volgende

2075 6744 128 26 officieuse
2219 6743 117 27 bericht:
2928 6743 15 14 °

3073 1293 52 26 «De
3151 1293 71 26 reeds
3239 1293 63 26 door
3319 1302 45 18 ons
3380 1296 129 28 vermelde
3527 1298 203 34 besprekingen,
3748 1309 40 17 om
3807 1309 46 18 een
3869 1307 92 19 verzoe-

3040 1326 63 32 ning
3119 1325 45 27 der
3181 1326 72 25 beide
3270 1326 111 26 fraktiën
3398 1337 50 18 van
3464 1330 47 25 het
3528 1331 141 27 ministerie
3683 1332 41 26 tot
3731 1331 79 28 stand
3816 1333 32 26 te
3852 1332 123 37 brengen,

3040 1358 48 33 zijn
3105 1358 81 26 heden
3203 1362 156 32 Voortgezet.
3377 1361 111 27 Daarom
3503 1362 52 26 had
3574 1365 30 24 de
3621 1365 211 32 aangekondigde
3842 1365 119 26 minister-

3040 1391 61 26 raad
3118 1391 83 26 heden
3217 1393 56 26 niet
3288 1394 91 33 plaats.
3397 1395 67 27 Eene
3480 1395 94 33 zitting
3582 1404 50 18 van
3641 1397 39 25 dit
3689 1389 195 35 staatalfchaam
3893 1398 83 25 wordt

3040 1430 34 20 nu
3092 1424 50 27 ook
3157 1424 27 26 in
3201 1424 31 27 de
3249 1424 193 37 eerstvolgende
3458 1429 84 32 dagen
3557 1427 54 27 niet
3628 1436 70 18 meer
3715 1429 157 27 verwacht.

3268 1524 278 46 Kerkelijke
3573 1524 165 46 Staat.

3073 1604 59 25 Men
3151 1605 102 32 schrijft
3269 1615 48 17 aan
3335 1607 31 24 de
3380 1607 87 27 Pre-p
3476 1609 40 26 uit
3533 1609 89 31 Rome,
3639 1609 41 26 dd.
3698 1612 32 22 24
3746 1609 70 27 Dec.
3827 1616 22 19 o.
3865 1615 22 20 a.
3908 1609 69 25 «Met

3041 1635 155 27 klimmende
3214 1638 172 33 bezorgdheid
3412 1641 51 25 ziet
3488 1649 58 18 men
3569 1641 32 26 de
3618 1642 139 32 pauselijke
3777 1641 201 33 strijdkrachten

3041 1668 99 32 allengs
3158 1669 183 27 verminderen.
3365 1672 39 25 De
3428 1671 116 34 slinking
3567 1674 21 26 is
3606 1681 57 19 zeer
3680 1669 162 37 belangrijk,
3861 1674 53 26 niet
3933 1681 45 18 zoo

3041 1707 57 18 zeer
3112 1698 66 27 door
3195 1703 91 24 sterfte
3305 1703 30 24 of
3347 1703 64 26 door
3430 1704 110 26 desertie
3566 1706 38 25 als
3624 1706 48 26 wel
3691 1704 128 33 hierdoor,
3836 1706 47 26 dat
3902 1713 61 19 voor-

3041 1733 67 24 eerst
3125 1733 32 25 de
3174 1733 182 32 uitgedienden
3372 1737 107 24 meestal
3497 1737 126 32 weigeren
3648 1746 60 18 eene
3733 1739 98 25 niéuwe
3857 1744 107 20 overeen-

3041 1763 84 25 komst
3141 1772 47 17 aan
3208 1766 25 24 te
3249 1773 74 25 gaan,
3335 1775 32 15 en
3379 1768 96 27 verder,
3494 1768 92 25 dat'de
3595 1770 182 32 rekruteering
3791 1772 84 24 steeds
3885 1770 78 25 moeie-

3040 1794 73 33 hjker
3131 1795 90 27 wordt.
3256 1794 52 30 Het
3326 1800 81 30 li'gion
3425 1800 131 26 d'Antibes
3573 1801 39 24 zal
3628 1801 97 25 weldra
3745 1801 39 26 als
3810 1802 168 32 afzonderlijk

3039 1826 77 30 korps
3132 1827 91 30 geheel
3241 1830 151 27 verdwenen
3410 1832 63 31 zijn;
3491 1832 63 24 zelfs
3573 1832 46 24 het
3634 1832 187 27 bevoorrechte
3837 1834 77 32 korps
3933 1835 45 24 der

3038 1863 109 20 zoeaven
3168 1864 22 18 is
3207 1866 31 22 op
3249 1856 54 28 drie
3321 1860 107 25 duizend
3445 1870 60 17 man
3517 1863 97 27 sterkte
3625 1864 72 25 reeds
3706 1866 52 24 met
3769 1867 87 30 eenige
3867 1866 96 25 honder-

3040 1889 46 24 den
3106 1889 169 26 verminderd.
3302 1891 32 25 In
3354 1891 83 32 dagen
3456 1900 51 18 van
3526 1896 211 35 oogenschijnlijk
3755 1905 94 24 gevaar
3868 1898 38 24 zal
3919 1906 58 15 nien

3040 1920 113 27 wellicht
3170 1929 52 26 nog
3237 1922 89 26 eerder
3343 1931 60 18 eene
3419 1922 163 30 toereikende
3600 1928 89 24 macht
3696 1928 104 26 kunnen
3810 1929 168 30 verzamelen,

3040 1954 51 27 dan
3098 1954 78 28 thans
3191 1955 116 27 voorliet
3324 1956 158 26 romeins—ie
3497 1957 190 26 kazerneleven.
3711 1959 104 25 Hieruit
3833 1961 77 31 blijkt
3928 1962 48 25 ook

3040 1988 138 33 duidelijk,
3204 1989 45 26 dat
3273 1990 46 26 het
3343 1990 182 35 staatkundige
3549 1990 170 34 provisorium
3735 1993 27 25 te
3778 1991 80 26 lionie
3876 2000 32 25 op
3927 1991 48 26 den

3041 2021 65 25 duur
3123 2022 56 25 niet
3195 2023 133 27 houdbaar
3346 2023 21 27 is
3385 2039 31 5 —
3432 2026 71 26 want
3517 2016 47 35 hel
3581 2024 21 27 is
3621 2024 138 34 gebaseerd
3781 2033 31 25 op
3830 2024 144 32 algemeen.,

3041 2062 31 17 en
3098 2054 196 35 buitengewone
3319 2056 159 34 uitzuiging;
3506 2059 51 26 alle
3581 2057 151 34 geestdrift,
3758 2065 118 20 waaraan
3901 2056 76 26 offers

3041 2087 146 26 verbonden
3214 2088 47 33 zijn
3274 2109 4 8 ,
3305 2091 83 26 wordt
3405 2091 135 34 uitgeput,
3557 2100 118 19 wanneer
3692 2092 31 33 zij
3741 2093 41 26 tot
3797 2091 72 33 regel
3886 2091 91 27 wordt.

3041 2118 54 27 Een
3112 2120 79 27 hoofd
3207 2122 94 25 zonder
3319 2122 113 28 lichaam
3446 2124 51 27 kan
3515 2125 54 26 niet
3587 2141 31 2 —
3634 2134 43 18 om
3693 2126 53 26 niet
3771 2124 135 28 Antonelli
3922 2125 56 26 meê

3041 2153 26 24 te
3085 2152 106 33 spreken
3210 2169 31 4 —
3259 2154 195 31 levensvatbaar
3471 2158 104 27 worden

3074 2184 98 28 Verder
3190 2186 50 26 kan
3257 2196 58 18 men
3333 2187 27 26 in
3377 2189 31 26 de
3425 2190 94 28 Presse
3536 2191 84 27 lezen:

3074 2218 38 26 De
3138 2228 67 20 pons
3223 2229 31 18 en
3275 2223 52 30 zijn
3344 2224 76 30 leger.
3454 2224 39 31 Op
3514 2228 33 25 27
3563 2225 70 30 Dcc,
3651 2225 50 32 zijn
3718 2224 135 34 naamdag,
3870 2222 110 34 ontving

3041 2250 31 26 de
3098 2250 94 33 heilige
3217 2251 78 30 vader
3321 2254 215 30 onderscheidene
3553 2257 167 34 deputatien,
3745 2265 22 19 o.
3787 2267 21 17 a.
3836 2257 50 26 ook
3905 2256 26 26 in
3948 2256 31 26 de

3041 2284 133 25 troonzaal
3193 2283 25 28 al
3236 2283 30 30 de
3283 2287 130 27 officieren
3432 2289 46 25 der
3487 2290 139 33 pauselijke
3641 2300 83 17 armee
3735 2291 79 26 onder
3823 2289 157 33 aanvoering

3041 2323 51 17 van
3115 2317 122 31 generaal
3261 2319 119 27 Kanzler.
3415 2321 85 34 Gelijk
3523 2322 30 26 de
3575 2324 175 27 Volksfreund
3767 2326 57 30 (een
3840 2322 125 25 ultramon-

3043 2349 109 25 tauiiseh
3178 2349 71 32 blad)
3278 2353 96 25 vertelt
3391 2360 30 20 en
3446 2354 80 39 gelijk
3547 2355 74 27 reeds
3645 2352 28 31 in
3691 2365 45 18 ons
3756 2355 144 27 avondblad
3919 2363 61 17 onze

3045 2381 159 28 romeinsche
3230 2382 203 34 korresponlent
3450 2387 178 32 mededeelde,
3654 2388 70 27 zeide
3745 2388 31 27 de
3793 2398 64 24 paus
3872 2387 27 27 in
3915 2387 65 33 zijne

3041 2414 135 26 oankende
3194 2415 213 35 beantwoording
3423 2419 46 26 der
3485 2421 214 32 gelukwenschen
3717 2430 50 18 van
3784 2422 47 25 den
3850 2420 129 31 generaal,

3041 2445 80 27 nadat
3138 2446 35 35 hij
3193 2447 51 28 dem
3259 2450 98 33 goeden
3374 2453 72 30 geest
3464 2461 48 17 van
3530 2453 45 27 het
3593 2454 70 33 leger
3680 2453 51 27 had
3741 2453 128 35 geroemd:
3886 2453 94 26 «Velen

3041 2479 103 27 honden
3161 2489 30 17 er
3206 2481 57 26 zich
3279 2483 73 26 mede
3369 2484 76 34 bezig
3461 2493 41 18 om
3519 2487 26 25 te
3562 2487 176 26 onderzoeken
3756 2487 28 26 of
3797 2487 46 26 het
3861 2485 47 28 wel
3920 2496 46 17 noo-

3041 2512 45 31 dig
3097 2520 65 17 ware
3180 2512 46 27 dat
3235 2515 26 25 ik
3275 2522 47 19 een
3330 2515 74 35 leger
3410 2516 59 33 heb,
3487 2518 63 27 daar
3557 2520 61 25 toch
3637 2520 104 25 Kristus
3757 2528 32 18 en
3806 2520 94 26 Betrus
3917 2528 65 25 geen

3041 2545 165 31 krijgslieden
3223 2548 26 26 te
3259 2548 100 27 hunner
3370 2550 169 33 beschikking
3693 2554 46 26 Om
3758 2554 60 26 deze
3834 2554 131 35 tegenwer-

3041 2584 64 25 ping
3125 2580 39 24 uit
3182 2578 48 26 den
3248 2588 57 25 weg
3321 2583 26 24 te
3369 2583 107 30 ruimen,
3495 2584 69 25 zeide
3582 2593 21 19 o.
3621 2594 24 17 a.
3663 2585 31 25 de
3711 2585 96 32 heilige
3824 2587 84 28 vader,
3938 2585 44 25 «lat

3041 2609 122 33 Kristus,
3188 2611 79 34 gelijk
3293 2622 58 18 men
3367 2615 27 25 in
3412 2615 31 26 de
3461 2616 96 34 heilige
3573 2617 93 26 schrift
3683 2617 72 26 lezen
3771 2619 59 30 kan,
3848 2609 133 43 iegioenen

3043 2652 48 17 van
3111 2644 106 31 engelen
3235 2647 40 25 tot
3287 2647 48 33 zijn
3346 2648 84 25 dienst
3438 2649 60 31 had,
3510 2659 31 17 en
3549 2650 46 26 zóó
3605 2650 50 26 ook
3672 2650 109 32 Betrus,
3798 2652 40 26 die
3856 2650 64 27 door
3935 2659 46 19 een

3041 2676 76 30 engel
3132 2678 41 25 uit
3184 2678 50 33 zijn
3252 2680 213 34 gevangenschap
3480 2682 70 25 werd
3567 2683 103 25 verlost.
3696 2685 90 28 Maar,
3804 2683 69 26 zeide
3891 2683 44 31 hij,
3951 2685 31 25 de

3043 2711 47 30 tijd
3109 2717 51 20 van
3185 2713 73 25 zulke
3276 2715 136 25 wonderen
3438 2717 20 24 is
3478 2717 93 31 voorbij
3582 2735 5 9 ,
3606 2724 32 18 en
3654 2714 32 27 de
3705 2724 63 26 paus
3784 2717 72 26 moet
3873 2715 57 26 zich
3947 2724 34 18 nu

3043 2741 48 25 ook
3119 2750 46 17 van
3195 2750 122 26 wapenen
3343 2745 126 26 bedienen
3495 2756 41 17 om
3562 2747 57 26 zich
3634 2750 79 31 tegen
3738 2750 65 30 zijne
3821 2750 118 30 vijanden
3956 2750 26 24 te

3041 2773 163 34 verdedigen.
3217 2807 5 7 _
3242 2776 30 26 In
3289 2785 61 18 eene
3373 2779 144 33 aanspraak
3531 2780 43 26 tot
3591 2787 60 20 eene
3669 2776 149 39 geestelijke
3836 2781 145 33 korporatie

3041 2806 77 31 sprak
3133 2806 31 26 de
3182 2809 94 33 heilige
3293 2811 79 26 vader
3389 2819 28 19 er
3432 2822 65 21 van,
3515 2812 46 26 dat
3569 2813 34 33 hij
3621 2813 46 26 het
3677 2813 152 34 bewustzijn
3846 2815 136 33 omdroeg,

3041 2838 45 25 dat
3112 2839 50 25 ook
3188 2841 35 33 hij
3252 2846 175 27 menschelijke
3451 2848 155 22 zwakheden
3622 2854 32 18 en
3673 2848 124 30 gebreken
3813 2846 83 25 bezat.
3931 2845 51 28 Vat

3041 2875 59 22 toen
3128 2871 139 34 hiermede,
3285 2876 59 34 zegt
3367 2875 45 28 ten
3430 2876 78 27 slotte
3530 2876 30 27 de
3576 2877 110 32 Presse,
3704 2877 31 26 de
3751 2877 87 35 uiting
3856 2878 43 26 des
3915 2885 50 22 pau-

3041 2911 44 19 sen
3106 2906 26 25 te
3151 2914 89 19 zamen
3262 2908 44 25 dat
3324 2909 31 24 de
3372 2910 48 31 tijd
3437 2908 45 28 der
3500 2910 135 26 wonderen
3653 2911 97 31 voorbij
3776 2911 37 30 is,
3830 2911 51 26 dan
3906 2911 76 31 blijkt

3041 2936 111 33 daaruit,
3171 2939 47 26 hoe
3229 2940 54 25 zich
3295 2939 115 32 wellicht
3426 2942 182 33 monseigneur
3625 2943 97 25 Mastai
3731 2942 98 27 Peretti
3841 2944 38 24 als
3896 2939 71 28 kardi-

3041 2970 60 26 naal
3119 2979 61 19 over
3190 2972 30 26 de
3230 2973 203 28 onfeilbaarheid
3444 2975 43 26 des
3497 2985 98 24 pausen
3611 2976 79 26 zoude
3702 2975 103 28 hebben

3353 3110 291 2 Frankrijk.

3073 3144 54 27 Het
3152 3146 116 27 Journal
3295 3149 90 32 officiel
3417 3148 70 27 deelt
3503 3149 45 26 ten
3565 3148 94 27 laatste
3678 3148 31 27 de
3726 3157 92 19 namen
3836 3150 45 27 der
3898 3151 84 27 nieuw

3040 3177 141 26 benoemde
3198 3180 130 25 ministers
3345 3181 72 24 mede
3435 3181 51 30 (zie
3502 3181 187 33 telegrammen
3706 3182 26 25 iii
3746 3182 46 26 het
3801 3184 181 26 Handelsblad

3041 3217 48 20 van
3116 3210 103 33 heden).
3253 3211 60 26 Men
3339 3213 38 25 zal
3404 3211 56 27 zien
3487 3213 45 27 dat
3549 3214 46 26 het
3620 3214 203 27 linkercentrum
3847 3216 120 34 vertegen-

3044 3242 159 34 woordigd-
3221 3244 26 24 in
3267 3244 45 24 het
3330 3244 106 26 kabinet
3454 3254 31 18 en
3501 3247 32 26 de
3549 3255 93 18 namen
3659 3255 50 18 van
3726 3247 31 26 de
3775 3248 93 26 heeren
3886 3249 96 30 Buffet,

3043 3274 86 35 Segris
3136 3283 33 19 en
3178 3274 31 28 de
3217 3274 129 30 Talhou.t
3351 3278 87 27 zullen
3444 3278 144 28 duizenden
3595 3279 54 27 met
3664 3279 45 26 het
3725 3279 98 26 nieuwe
3840 3280 142 26 ministerie

3041 3315 146 21 verzoenen.
3222 3309 39 27 De
3285 3318 93 20 namen
3403 3312 45 26 der
3464 3312 130 27 ministers
3615 3313 85 26 zullen
3716 3312 151 27 buitendien
3885 3322 48 17 aan
3951 3314 31 24 de

3044 3343 118 27 fransche
3190 3344 110 32 bladen,
3328 3345 40 26 die
3396 3345 54 26 niet
3475 3346 124 33 gelukkig
3617 3346 48 33 zijn
3683 3346 38 25 als
3738 3346 30 33 zij
3787 3354 79 25 geene
3883 3346 83 27 woord-

3043 3377 132 34 spelingen
3193 3377 104 27 kunnen
3312 3378 102 33 maken,
3430 3378 76 28 zeker
3521 3379 130 34 bijzoniler
3670 3379 110 26 welkom
3796 3380 58 33 zijn,
3870 3381 71 25 want
3951 3380 30 33 zij

3044 3412 83 24 zullen
3145 3412 201 31 onvermijdelijk
3364 3420 110 22 zeggen,
3491 3413 45 25 dat
3553 3413 120 32 generaal
3684 3415 34 24 Le
3738 3413 78 26 boeuf
3829 3416 26 24 iv
3872 3415 46 25 het
3935 3413 31 26 mi-

3043 3442 105 27 nisterie
3169 3442 77 34 blijft,
3272 3442 90 28 omdat
3377 3451 58 19 men
3452 3452 46 18 een
3520 3444 87 27 Buffet
3626 3446 116 25 wenscht
3762 3448 56 24 met
3833 3446 85 25 Boeuf
3932 3454 48 17 aux

3044 3477 93 24 Olives.

3168 3508 174 38 beschrijving
3359 3516 47 18 van
3424 3508 50 26 den
3490 3516 107 25 persoon
3617 3510 44 25 des
3677 3509 116 28 nieuwen
3810 3511 103 25 eersten
3930 3510 33 26 mi-

3043 3537 150 46 _____s_.
3214 3547 46 30 -—f',
3262 3547 11 17 1'
3285 3540 79 30 l'JUi.le
3374 3541 115 28 Ollivier,
3500 3543 40 25 zal
3547 3543 138 26 misschien
3696 3543 72 25 velen
3777 3543 54 27 niet
3850 3553 113 20 onaange-

3041 3579 90 28 groote
3149 3578 117 22 talenten
3285 3585 32 15 en
3334 3583 81 21 gaven
3435 3578 128 22 verraadt.
3589 3576 41 30 Hij
3650 3578 21 22 is
3690 3585 57 15 zeel'
3764 3576 69 30 lang,
3850 3570 129 35 bijzonder

3041 3605 98 32 tenger,
3167 3613 31 18 en
3222 3605 50 31 zijn
3305 3604 89 26 bleeke
3411 3605 81 27 kleur,
3517 3599 84 30 kleine
3619 3607 96 21 zwarte
3732 3606 198 25 bakkebaarden
3947 3613 30 19 en

3041 3639 81 25 stalen
3142 3638 50 26 bril
3210 3638 61 25 doen
3292 3637 65 26 hem.
3376 3638 59 30 zegt
3451 3637 30 26 de
3500 3637 63 27 Pall
3579 3635 70 27 Mali
3666 3635 111 31 Gazctte,
3797 3644 70 19 meer
3883 3644 32 26 op
3932 3644 46 19 een

3040 3663 142 34 bedeesden
3200 3669 183 30 hulpprediker
3400 3670 50 24 dan
3468 3677 33 24 op
3516 3670 50 25 den
3582 3670 100 25 eersten
3693 3670 117 24 minister
3820 3677 50 17 van
3879 3671 99 24 Frank-

3144 3702 83 34 Lijken.
3246 3703 40 32 Hij
3305 3702 73 34 loopt
3394 3710 57 19 zeer
3461 3702 117 34 gebogen
3586 3710 32 19 en
3626 3700 94 35 draagt
3729 3702 106 27 meestal
3844 3710 45 19 een
3899 3703 80 26 zwart

3168 3736 111 25 hetwelk
3298 3735 44 27 het
3359 3736 89 32 eenige
3465 3737 65 31 punt
3547 3744 51 17 van
3615 3736 136 32 gelijkenis
3759 3736 21 25 is
3790 3736 120 26 tusschen
3920 3736 59 25 hem

3041 3776 31 19 en
3092 3769 50 32 zijn
3159 3768 133 33 grootsten
3311 3767 203 34 staatkundigen
3530 3768 190 33 tegenstander,
3731 3768 50 26 den
3797 3768 181 26 heerllouher.

3041 3802 31 25 In
3090 3801 32 26 de
3137 3801 90 26 kamer
3243 3801 86 25 klinkt
3346 3801 64 31 zijne
3428 3802 66 25 stem
3510 3808 57 19 zeer
3585 3801 83 31 zacht,
3681 3801 66 26 doch
3755 3802 91 25 tevens
3855 3808 57 19 zeer
3922 3801 43 26 dui-

3043 3834 78 32 delijk
3130 3842 5 22 ;
3162 3834 63 31 zijn..-
3243 3831 201 38 redevoeringen
3464 3834 50 31 zijn
3533 3834 85 25 steeds
3637 3834 40 26 vol
3696 3842 50 17 van
3761 3834 170 32 beeldspraak
3948 3841 31 19 en

3041 3866 30 26 de
3090 3865 61 28 taal
3169 3865 81 26 welke
3269 3865 35 33 hij
3317 3865 130 32 gebruikt,
3463 3866 21 25 is
3504 3866 131 33 bijzonder
3654 3866 104 33 sierlijk.

3077 3899 27 26 tn
3122 3899 31 24 de
3169 3899 93 24 laatst..-
3279 3898 90 25 kamer
3387 3899 52 24 had
3455 3899 35 31 hij
3509 3899 50 25 den
3575 3906 76 18 naam
3666 3906 51 18 van
3735 3907 33 18 na
3780 3899 48 26 den
3836 3899 63 26 heer
3918 3899 46 26 Ber-

3041 3938 59 30 ryer
3124 3930 46 27 het
3193 3930 71 26 beste
3282 3928 104 26 fransch
3403 3931 26 24 te
3455 3930 116 32 spreken.
3596 3931 54 33 Zijn
3670 3931 116 32 grootste
3803 3931 57 26 fout
3876 3931 38 31 is,
3932 3931 47 26 dat

3040 3964 37 32 hij
3094 3963 94 26 zoowel
3206 3963 27 25 in
3242 3961 64 32 zijne
3315 3961 200 33 redevoeringen
3526 3963 38 25 als
3572 3963 26 26 in
3617 3963 64 32 zijne
3699 3963 97 26 boeken
3811 3971 46 19 een
3868 3964 26 26 te
3905 3964 74 37 groot

3043 3996 107 33 gebruik
3175 3994 89 26 maakt
3288 4002 50 18 van
3364 3993 45 26 het
3429 3994 156 33 persoonlijk
3600 3997 228 26 voornaamwoord
3853 3997 26 26 ik
3902 4004 27 18 in
3956 3997 24 26 al

3041 4029 64 33 zijne
3130 4025 195 39 verbuigingen.
3359 4026 213 33 Uitdrukkingen
3595 4028 54 25 als:
3774 4031 44 28 mij

3044 4063 91 28 «mijne
3143 4059 118 31 meening
3279 4058 45 30 is,
3344 4061 39 24 «ik
3527 4062 39 24 «ik
3817 4058 146 37 onophoude-

3040 4094 46 33 lijk
3103 4101 63 19 voor
3183 4101 31 18 en
3233 4101 45 17 een
3294 4091 44 25 der
3357 4094 116 30 grootste
3490 4091 110 25 redenen
3618 4101 50 18 van
3677 4094 48 32 zijn
3735 4094 98 37 gebrek
3841 4102 50 18 aan
3899 4101 65 25 popu-

3040 4126 99 27 lariteit
3156 4126 22 25 is
3195 4126 59 24 deze
3266 4126 25 22 te
3302 4123 126 37 blijkbare
3437 4124 215 32 ingenomenheid
3661 4127 53 24 met
3723 4127 50 31 zijn
3782 4126 73 33 eigen
3866 4134 113 25 persoon.

3073 4159 37 26 De
3129 4157 67 26 Heer
3214 4155 107 28 Ollivier
3338 4155 21 25 is
3377 4163 46 17 een
3441 4165 60 17 man
3517 4163 50 19 van
3583 4157 91 28 groote
3692 4157 85 25 kunde
3793 4166 31 17 en
3833 4159 132 25 rechtscha-

3040 4189 110 28 penheid
3161 4209 5 9 ,
3188 4198 31 15 en
3236 4188 25 25 al
3279 4187 71 26 heeft
3365 4188 35 31 hij
3429 4188 48 25 ook
3501 4188 56 26 niet
3580 4189 31 25 de
3638 4189 156 32 ontzaglijke
3811 4191 100 32 energie
3931 4199 48 17 van

3041 4222 48 25 d..n
3107 4222 67 25 Heer
3193 4219 111 32 Bouher,
3321 4227 44 18 zoo
3383 4219 39 26 zal
3441 4220 64 31 zijne
3521 4220 93 31 kalme,
3628 4220 128 26 bedaarde
3768 4222 69 32 wijze
3846 4230 48 18 van
3905 4230 60 25 argu-

3040 4256 148 26 menteeren
3214 4261 30 19 en
3266 4252 126 27 handelen
3409 4252 137 26 misschien
3565 4261 32 24 op
3613 4252 51 27 den
3680 4253 93 34 langen
3793 4254 66 26 duur
3874 4256 105 32 grooter

3039 4287 96 25 indruk
3152 4287 100 25 maken.

3072 4318 43 33 Hij
3132 4318 71 26 heeft
3222 4318 45 25 één
3285 4317 76 32 groot
3378 4317 96 37 gebrek
3490 4324 63 18 voor
3568 4324 46 18 een
3633 4317 248 27 kon3titutioneelen
3891 4318 73 25 minis-

3040 4351 46 28 ter,
3105 4351 45 25 «lat
3171 4351 33 32 bij
3223 4350 122 31 namelijk
3371 4349 131 33 bijzonder
3529 4349 167 33 fijngevoelig
3720 4350 37 30 is,
3783 4358 32 18 en
3840 4358 50 19 aan
3913 4350 65 33 zijne

3040 4377 195 38 tegenstanders
3252 4377 83 31 steeds
3352 4383 89 26 toont,
3459 4382 38 25 als
3515 4381 86 25 hunne
3625 4383 136 24 aanvallen
3785 4383 59 24 hem
3868 4383 110 31 gewond

3039 4414 110 28 hebben.
3176 4413 208 34 Waarschijnlijk
3400 4414 39 26 zal
3459 4413 35 32 hij
3514 4413 89 27 echter
3620 4421 34 19 na
3670 4414 107 37 eenigen
3794 4414 48 33 tijd
3859 4414 48 27 wel
3926 4415 53 25 wat

3040 4448 98 26 minder
3155 4447 175 32 teergevoelig
3346 4447 111 26 worden.
3482 4440 128 32 Hiervoor
3633 4446 22 25 is
3672 4446 35 32 hij
3724 4447 27 24 in
3770 4455 45 15 een
3823 4447 81 31 goede
3913 4447 53 26 leer-

3039 4481 96 25 school.
3152 4480 38 25 De
3209 4479 70 26 Heer
3296 4479 107 26 Ollivier
3420 4478 22 25 is
3459 4486 45 24 pas
3522 4481 32 21 43
3568 4478 89 32 jaren,
3685 4476 65 26 doch
3776 4479 50 31 zijn
3850 4479 128 31 loopbaan

3039 4513 21 26 is
3078 4511 129 35 bijzonder
3223 4509 159 28 schitterend
3398 4509 120 34 geweest.
3535 4509 32 26 In
3587 4513 66 27 1848,
3669 4509 60 26 toen
3741 4511 35 32 hij
3787 4505 47 32 dus
3842 4511 96 26 slechts
3946 4513 33 24 22

3039 4546 72 32 jaren
3130 4537 48 33 oud
3196 4553 66 20 was,
3281 4544 69 25 werd
3367 4544 34 32 hij
3419 4541 305 32 kommissaris-generaa]
3744 4552 47 17 van
3806 4544 30 26 de
3844 4544 133 33 republiek

3039 4572 26 31 'te
3083 4577 129 26 Marseille
3237 4585 31 17 en
3296 4576 150 26 naderhand
3463 4574 107 33 prefekt.
3588 4569 43 38 Hij
3648 4574 70 26 werd
3744 4576 126 26 driemaal
3886 4577 27 25 in
3933 4577 45 25 het

3040 4610 158 31 Wetgev.-nd
3216 4610 122 25 Lichaam
3354 4607 139 30 verkozen,
3516 4616 32 17 en
3565 4607 70 25 werd
3651 4609 133 25 tweemaal
3803 4609 38 26 als
3849 4609 130 27 advókaat

3039 4642 148 59 feschorst,
3204 4649 103 30 wegens
3325 4641 65 32 zijne
3406 4641 132 32 moedige,
3556 4639 168 33 openhartige
3750 4642 72 31 wijze
3847 4650 50 17 van
3917 4650 61 17 voor

3058 4683 12 17 e
3086 4674 130 27 waarheid
3226 4675 39 25 uit
3273 4675 26 25 te
3307 4674 98 26 komen.
3424 4672 57 25 Den
3490 4672 99 26 eersten
3599 4672 67 31 keer,
3676 4672 27 26 in
3715 4676 69 27 1857,
3791 4674 71 26 werd
3870 4675 35 32 hij
3917 4681 61 18 voor

3040 4716 39 17 zes
3091 4709 125 25 maanden
3226 4708 141 31 geschorst,
3377 4706 87 25 omdat
3472 4706 35 32 hij
3519 4704 126 33 weigerde
3653 4714 63 18 voor
3732 4706 50 27 den
3797 4707 144 34 krijgsraad
3952 4707 26 26 te

3039 4741 72 33 Lyon
3129 4741 26 25 te
3172 4737 111 37 pleiten;
3301 4737 32 26 de
3350 4737 98 26 tweede
3463 4737 70 26 maal
3560 4737 69 26 werd
3651 4737 34 34 hij
3704 4746 63 19 voor
3783 4739 54 26 drie
3852 4740 125 26 maanden

3039 4773 142 33 geschorst,
3202 4772 87 27 omdat
3313 4770 37 32 hij
3378 4779 63 18 voor
3467 4770 31 26 de
3523 4770 198 27 correctioneele
3755 4772 144 27 rechtbank
3931 4781 46 18 een

3039 4807 90 30 vurige
3146 4804 167 33 redevoering
3328 4804 53 25 had
3398 4804 143 33 gehouden,
3549 4805 43 26 tot
3607 4805 168 32 verdediging
3791 4813 51 19 van
3860 4806 48 26 den
3917 4806 63 26 heer

3040 4838 137 31 Vacherot,
3187 4837 40 27 die
3244 4837 56 26 zich
3309 4844 50 18 aan
3366 4844 46 18 een
3423 4835 223 35 drukpers-delikt
3654 4837 51 26 had
3723 4838 119 32 schuldig
3849 4838 129 34 gemaakt.

3072 4872 39 25 De
3128 4872 63 25 heer
3207 4870 90 26 Victor
3313 4870 77 37 Hugo
3406 4870 22 25 is
3444 4870 128 26 wederom
3589 4870 156 33 opgetreden
3764 4871 26 25 in
3808 4871 47 26 den
3872 4872 107 32 Rappel,

3040 4903 26 26 in
3085 4904 65 26 welk
3159 4903 60 26 blad
3229 4903 34 32 hij
3274 4911 46 17 een
3330 4902 69 27 brief
3404 4902 53 26 laat
3468 4903 165 31 verschijnen,
3644 4902 98 28 welken
3751 4903 34 33 hij
3796 4905 107 32 aan|zijn
3915 4911 64 19 zoon

3040 4929 106 35 Cl—rlles
3163 4936 70 26 heeft
3242 4936 163 31 geschreven,
3419 4935 40 27 die
3469 4930 165 32 veroordeeld
3643 4936 22 26 is
3672 4936 137 33 geworden
3819 4937 41 26 tot
3868 4941 15 22 4
3892 4944 71 19 maan-

3040 4962 50 33 den
3098 4969 229 33 gevangenisstraf,
3345 4976 100 25 wegens
3463 4976 46 18 een
3526 4969 94 31 hoogst
3637 4970 125 32 ongepast
3772 4977 31 17 en
3813 4969 167 33 beleedigend

3040 5002 96 26 artikel
3151 5002 78 33 tegen
3247 5001 47 26 den
3312 5001 92 30 keizer,
3422 5001 126 33 genaamd
3569 5001 51 26 ./les
3637 5002 73 25 Deux
3882 5002 47 26 Als
3947 5002 31 26 de

3040 5035 63 25 heer
3119 5035 90 25 Victor
3234 5035 78 31 Hugo
3334 5028 76 38 altijd
3435 5042 32 21 op
3493 5033 60 27 deze
3580 5034 157 33 eenvoudige
3756 5042 70 26 wyze
3842 5043 48 18 aan
3914 5035 65 33 zijne

3039 5066 125 26 kinderen
3181 5066 118 33 schrijft,
3324 5067 103 26 moeten
3450 5066 60 26 deze
3528 5067 53 25 met
3606 5068 77 32 angst
3707 5067 46 26 het
3770 5068 143 26 aankomen
3928 5075 51 17 van

3041 5100 48 24 den
3111 5100 57 31 post
3185 5099 145 25 verbeiden.
3366 5099 191 33 Merkwaardig
3582 5099 21 26 is
3628 5100 31 25 de
3677 5100 91 31 groote
3793 5100 187 38 verandering,

3040 5131 81 26 welke
3138 5131 27 26 in
3184 5140 46 15 een
3248 5139 64 24 paar
3327 5131 128 26 maanden
3470 5132 61 32 tijds
3548 5132 70 25 moet
3633 5131 102 27 hebben
3751 5133 85 33 plaats
3853 5133 84 33 gehad
3953 5140 26 18 m

3040 5164 32 25 de
3105 5159 165 35 overtuiging
3306 5172 48 17 van
3389 5163 48 26 den
3470 5165 109 30 grooten
3612 5165 125 26 redenaar
3770 5173 33 31 op
3834 5166 46 26 het
3891 5166 74 26 vrede-

3040 5196 117 32 kongres.
3191 5194 91 26 Heden
3307 5196 63 25 toch
3396 5196 60 32 zegt
3478 5196 51 28 hij:
3557 5196 46 26 «Ik
3625 5197 51 26 heb
3693 5198 145 33 sympathie
3855 5205 63 19 voor
3933 5198 47 26 het

3159 5228 40 26 De
3216 5228 70 26 brief
3300 5228 21 25 is
3338 5235 51 19 van
3405 5228 51 26 den
3471 5223 143 38 volgenden
3632 5229 112 27 inhoud:

3157 5261 46 31 zijt
3227 5268 34 17 nu
3287 5268 63 18 voor
3374 5259 31 26 de
3422 5259 98 26 tweede
3544 5261 69 26 maal
3630 5262 119 31 gestraft,
3765 5263 63 31 mijn
3844 5270 72 20 zoon.
3940 5263 39 26 De

3041 5287 84 31 eerste'
3139 5291 84 31 maal,
3241 5291 61 26 vóór
3321 5295 30 22 19
3364 5291 92 33 jaren,
3471 5291 189 34 protesteerde!
3677 5294 34 31 gij
3724 5290 79 35 tegen'
3811 5296 45 24 het
3866 5296 113 30 schavot;

3040 5334 58 17 men
3117 5324 71 26 heeft
3204 5333 28 18 er
3249 5334 17 15 u
3283 5333 41 18 om
3345 5324 172 27 veroordeeld.
3543 5324 57 26 Den
3617 5319 118 34 tweeden
3745 5327 69 31 keer,
3822 5327 85 32 thans,
3917 5328 64 27 hebt

3041 5357 34 33 gij
3103 5357 48 25 den
3170 5356 100 26 soldaat
3287 5357 40 25 tot
3344 5356 188 34 broederschap
3548 5359 184 33 aangemaand,
3750 5360 45 33 zijt
3811 5361 34 33 gij
3863 5361 26 26 te
3907 5361 73 26 velde

3043 5391 144 32 getrokken
3209 5394 78 27 tegen
3307 5391 50 27 den
3381 5391 106 34 oorlog;
3506 5400 60 18 men
3581 5392 72 27 heeft
3671 5400 27 19 er
3716 5400 15 19 u
3749 5400 41 20 om
3807 5394 174 26 veroordeeld.

3041 5421 32 27 Ik
3094 5424 85 32 benijd
3198 5432 18 17 u
3233 5425 59 24 dien
3308 5424 129 26 dubbelen
3456 5433 77 18 roem.

3078 5458 45 26 »In
3143 5459 58 25 1851
3231 5456 69 28 werd
3325 5458 34 32 gij
3387 5458 141 33 verdedigd
3547 5458 65 26 door
3638 5459 150 31 Crémieux,
3806 5460 50 27 den
3873 5463 109 32 grooten

3044 5490 139 30 redenaar,
3201 5498 31 19 en
3248 5490 64 27 door
3328 5490 52 33 mij.
3399 5490 31 27 In
3451 5494 63 24 1869
3523 5491 70 26 werd
3609 5492 35 33 gij
3663 5492 142 34 verdedigd
3821 5494 63 26 door
3902 5497 64 25 Gaiu-

3045 5522 87 33 betta,
3151 5523 40 26 die
3209 5523 31 26 de
3257 5523 80 26 schim
3357 5531 50 18 van
3431 5523 103 27 Baudin
3559 5526 66 25 weet
3643 5533 32 25 op
3698 5526 27 25 te
3743 5533 111 26 roepen,
3872 5536 30 18 en
3920 5529 61 25 door

3045 5556 72 26 Jules
3135 5556 93 31 Favre,
3247 5557 48 25 den
3312 5557 110 33 grooten
3437 5557 110 26 meester
3568 5565 51 18 van
3635 5558 45 26 het
3697 5559 104 30 woord,
3817 5559 59 26 dien
3893 5561 26 25 ik
3933 5561 48 26 den

3045 5589 66 26 2den
3126 5589 143 27 December
3288 5597 46 19 zoo
3351 5590 159 32 onversaagd
3526 5589 52 27 heb
3594 5591 97 33 gezien.

3080 5622 86 25 //Alles
3182 5623 64 31 gaat
3265 5623 83 31 goed;
3364 5630 66 19 wees
3445 5623 132 26 tevreden.

3080 5655 54 33 «Gij
3152 5655 104 34 begaat,
3273 5665 65 19 even
3354 5655 39 26 als
3409 5655 34 31 ik,
3462 5655 31 27 de
3509 5655 123 31 misdaad,
3651 5656 46 26 dat
3713 5657 34 33 gij
3757 5657 31 26 de
3797 5659 187 34 maatschappij

3046 5688 41 26 die
3104 5688 94 31 doodt,
3224 5689 155 26 achterstelt
3399 5688 37 33 bij
3452 5688 31 26 de
3500 5689 185 33 maatschappij
3704 5682 40 34 dié
3762 5691 111 27 verlicht
3892 5700 31 18 en
3939 5699 31 19 on-

3047 5720 116 26 derricht
3175 5732 6 19 ;
3198 5730 32 17 en
3247 5721 46 26 het
3308 5722 61 25 volk
3386 5721 46 27 dat
3449 5722 89 25 moord
3555 5722 103 32 pleegt,
3677 5721 33 33 bij
3730 5714 31 33 de
3780 5724 92 26 volken
3891 5725 40 26 die
3948 5725 25 25 el-

3046 5753 99 27 kander
3162 5754 100 33 helpen.
3291 5754 40 33 Gij
3348 5754 63 27 stelt
3429 5754 96 38 Joseph
3542 5754 31 26 de
3591 5754 107 28 idaistre
3716 5756 90 27 achter
3822 5757 34 33 bij
3870 5757 115 27 William

3047 5786 80 31 Penn,
3144 5786 79 27 Cesar
3239 5787 34 32 bij
3292 5787 85 26 Jezus.
3403 5789 40 32 Gij
3464 5789 57 26 wilt
3540 5787 31 27 de
3589 5789 47 32 bijl
3653 5789 96 26 slechts
3765 5789 56 26 zien
3837 5790 27 25 in
3882 5790 103 27 handen

3048 5828 50 19 van
3116 5813 50 33 den
3181 5815 125 38 pionnier,
3321 5820 28 26 in
3364 5820 47 27 het
3428 5816 92 35 bosch,
3540 5829 32 18 en
3591 5815 46 32 hét
3653 5822 103 26 zwaard
3771 5822 28 25 in
3815 5822 103 26 handen
3935 5830 50 19 van

3048 5854 48 24 den
3116 5852 94 32 burger
3227 5862 43 17 ora
3286 5854 31 25 de
3333 5854 112 26 tirannie
3462 5855 27 26 te
3501 5854 148 32 bestrijden.
3669 5855 56 26 Den
3735 5856 131 32 wetgever
3874 5856 67 31 wijst
3951 5856 33 32 gij

3048 5884 130 31 Beccaria,
3196 5894 32 17 en
3246 5885 50 26 den
3312 5885 103 27 soldaat
3431 5887 136 27 Garibaldi
3582 5887 41 26 tot
3639 5887 86 26 model
3743 5895 56 19 aan.
3824 5888 47 25 Dit
3888 5885 63 28 alles
3964 5888 21 26 is

3048 5919 48 25 wel
3115 5917 54 25 vier
3185 5919 126 26 maanden
3321 5920 226 32 gevangenisstraf
3554 5927 30 19 en
3594 5920 107 26 duizend
3711 5921 84 25 francs
3804 5920 76 26 boete
3893 5921 92 25 waard.

3083 5950 80 26 '/Laat
3184 5949 26 26 ik
3229 5959 27 18 er
3274 5950 142 35 bijvoegen,
3435 5952 46 26 dat
3496 5953 31 25 de
3547 5953 159 32 verdenking
3723 5960 33 25 op
3774 5960 14 17 u
3807 5953 64 30 rust,
3888 5953 45 25 dat
3951 5953 33 32 gij

3048 5983 31 25 de
3105 5983 194 33 gewelddadige
3317 5986 143 33 schending
3475 5986 46 25 der
3537 5986 96 25 wetten
3652 5986 53 25 niet
3723 5985 150 32 goedkeurt,
3892 5993 31 18 en
3939 5978 46 33 dat

3050 6017 33 32 gij
3110 6017 115 25 wellicht
3247 6017 26 26 in
3292 6019 70 25 staat
3378 6019 44 32 zijt
3441 6027 41 18 om
3500 6019 48 25 den
3565 6019 64 26 haat
3646 6026 31 25 op
3694 6019 26 24 te
3737 6018 106 26 wekken
3860 6019 78 30 tegen
3956 6018 30 26 de

3048 6047 156 35 nachtelijke
3222 6051 155 26 arrestatiën
3394 6058 31 19 en
3443 6051 31 26 de
3491 6051 154 32 verachting
3661 6052 77 31 tegen
3756 6050 48 25 den
3821 6051 124 25 meineed.

3083 6081 47 26 //Ik
3146 6083 109 26 herhaal
3273 6084 60 25 het:
3351 6084 66 26 alles
3432 6084 63 33 gaat
3511 6083 74 33 goed.

3084 6115 46 25 »lk
3145 6115 52 26 ben
3214 6117 104 25 soldaat
3332 6117 120 32 geweest,
3467 6124 32 19 en
3515 6116 63 26 daar
3593 6116 35 27 ik.
3638 6123 34 19 nu
3690 6115 61 27 toch
3768 6115 133 32 belijdenis
3913 6115 73 33 afleg,

3050 6146 43 26 wil
3110 6146 27 26 ik
3155 6148 47 26 wel
3221 6149 143 30 erkennen,
3383 6149 47 26 dat
3444 6149 28 26 ik
3497 6156 46 18 een
3568 6149 65 25 oude
3650 6148 145 33 sympathie
3811 6155 61 19 voor
3889 6146 46 26 het
3951 6148 25 25 le-

3048 6188 47 25 ger
3112 6181 58 26 heb.
3204 6182 32 26 Ik
3254 6182 50 26 heb
3321 6189 92 26 ergens
3430 6182 171 32 geschreven:

3084 6213 135 26 //J'aime
3236 6214 53 25 les
3306 6222 87 25 gens
3410 6214 128 33 d'épée,
3554 6221 40 18 en
3612 6213 105 25 étant
3733 6221 50 17 mo
3793 6211 47 25 i-m
3849 6213 12 24 é
3872 6221 25 17 ra
3906 6220 13 18 e
3937 6221 15 15 u
3961 6221 25 17 n.

3084 6244 87 27 «Doch
3188 6253 33 27 op
3237 6247 61 26 ééne
3315 6246 180 27 voorwaarde:
3513 6246 46 26 het
3575 6244 102 27 zwaard
3692 6244 70 26 moet
3778 6243 56 26 niet
3850 6243 137 26 bezoedeld

3050 6286 93 17 wezen.

3084 6311 67 25 //Het
3168 6312 102 26 zwaard
3286 6312 46 26 dat
3348 6312 26 26 ik
3391 6311 113 31 liefheb,
3521 6311 22 25 is
3560 6311 46 25 het
3621 6308 102 26 zwaard
3741 6317 48 18 van
3807 6308 180 32 Washington,

3048 6341 46 26 het
3112 6345 102 24 zwaard
3230 6352 50 17 van
3298 6345 70 24 John
3384 6344 111 25 Brown,
3511 6343 47 26 het
3574 6341 102 26 zwaard
3694 6350 50 17 van

3083 6377 98 26 Hierna
3206 6378 59 32 zegt
3282 6377 30 26 de
3338 6377 109 26 dichter,
3463 6377 45 25 dat
3527 6376 45 25 het
3591 6374 71 33 leger
3678 6373 128 26 voorheen
3823 6371 96 34 gansch
3935 6371 51 26 wat

3050 6407 92 27 anders
3157 6417 53 18 was
3227 6404 51 32 dan
3293 6410 85 26 thans.
3415 6409 67 25 //Het
3507 6407 71 33 leger
3596 6416 48 17 van
3664 6407 31 24 de
3711 6405 148 33 republiek,

3050 6449 50 18 van
3124 6442 46 26 het
3195 6443 96 32 daarop
3315 6442 125 33 gevolgde
3462 6439 150 33 keizerrijk,
3637 6438 67 28 had,
3730 6439 52 25 wat
3801 6444 26 18 er
3844 6436 48 25 ook
3909 6433 74 31 tegen

3050 6475 159 30 aangevoerd
3228 6475 50 26 kan
3295 6475 115 30 worden,
3436 6482 46 18 een
3500 6474 120 32 gro'otseh
3638 6472 128 25 karakter.
3800 6469 53 24 Het
3868 6467 109 24 bestreec

3050 6507 86 26 overal
3155 6508 30 25 de
3202 6507 198 27 vooroordeelen
3418 6514 31 19 en
3467 6507 92 25 haalde
3576 6506 30 24 de
3625 6503 115 26 bastilles
3756 6504 92 20 omver,
3867 6500 51 19 liet
3932 6500 50 17 aaa

3051 6540 31 26 de
3098 6541 178 31 encvclopt-ilie
3294 6541 27 25 in
3339 6540 50 31 zijn
3784 6559 6 5 .
3820 6556 5 7 .
3846 6554 7 8 .
3919 6560 61 5 _.-_

3086 6569 239 32 »l<-'negentiende
3343 6567 71 30 eeuw
3430 6572 78 31 grijpt
3526 6569 45 24 het
3586 6567 79 30 goede
3699 6567 69 19 «'aar
3784 6559 45 24 het
3846 6556 59 25 haai
3919 6560 58 19 vooi

3051 6605 31 26 de
3098 6606 71 26 hand
3187 6606 86 28 komt,
3293 6613 30 18 en
3340 6605 45 25 het
3402 6602 73 26 vindt
3491 6600 45 25 dat
3554 6596 77 31 go-de
3650 6592 136 50 sfechta^
3802 6587 48 26 den
3868 6593 77 18 voorn
3958 6586 13 26 t-

3051 6645 77 22 gang.
3158 6638 35 30 Zij
3213 6638 43 26 wil
3273 6638 26 24 iv
3317 6637 48 25 den
3383 6633 99 26 soldaat
3500 6625 93 30 slechts
3609 6625 48 25 den
3676 6625 94 27 burger
3787 6627 63 18 zien.
3885 6620 40 32 Op
3943 6620 40 30 die

3051 6670 163 25 voonvaaiale
3233 6669 89 24 erkent
3338 6667 31 30 zij
3387 6666 64 22 hem.
3482 6661 39 22 De
3536 6657 100 25 soldaat
3652 6663 22 15 is
3690 6651 117 27 bestemd
3822 6652 27 25 te
3867 6652 104 39 Verdwij-

3050 6710 50 17 nen
3110 6722 5 8 ,
3133 6710 30 15 en
3182 6702 31 24 do
3230 6700 94 30 burger
3340 6703 40 18 om
3400 6694 56 22 hem
3475 6691 26 24 te
3517 6687 141 26 overleven.

3085 6732 110 28 «-Omdat
3211 6730 43 32 gij,
3262 6720 61 39 ulijn
3333 6732 71 21 zoon,
3412 6723 40 25 dit
3462 6719 103 34 gelooid
3574 6718 71 30 hebt,
3663 6718 44 27 znt
3717 6725 33 28 gij

4378 1276 206 38 Egypte.

4044 1344 39 25 De
4098 1344 79 26 Porte
4194 1344 72 26 heeft
4281 1350 46 20 een
4345 1341 162 34 telegrafisch
4527 1338 71 28 bevel
4616 1346 63 17 naar
4691 1337 76 26 Alexa

4013 1376 64 31 den,
4094 1376 45 26 ten
4167 1376 73 26 einde
4266 1376 30 25 de
4320 1375 156 31 uitlevering
4496 1375 25 24 te
4541 1371 100 26 cisehen
4659 1377 50 18 van
4730 1370 30 24 de
4776 1377 39 25 ge,

4013 1410 117 25 schellen.
4637 1435 7 6 .
4711 1433 12 8 .
4769 1431 7 7 ,
4848 1408 61 31 .",.'.

4045 1441 46 26 Uit
4117 1441 100 33 Egypte
4244 1441 84 27 wordt
4352 1448 47 18 aan
4423 1437 27 27 de
4472 1437 90 26 Presse
4577 1433 219 35 getelegrafeerd,
4809 1433 50 25 <!at
4873 1433 73 33 bijna

4013 1472 48 28 alle
4081 1472 137 28 beambten
4235 1482 47 18 aan
4300 1474 43 26 lat
4363 1468 167 32 Suez-kanaal
4556 1468 48 33 zijn
4623 1467 131 32 ontslagen

4013 1506 79 34 pitaal
4111 1507 21 25 is
4149 1507 164 32 opgebroken
4329 1513 31 18 en
4378 1506 45 25 dat
4440 1504 30 27 de
4487 1500 222 28 werkzaamheden
4720 1499 31 25 al!

4013 1539 33 33 bij
4065 1538 213 35 Spaloefenbp
4436 1546 20 17 ai
4468 1535 102 26 worden
4579 1533 154 32 voortgezet.
4752 1531 59 25 Men
4834 1532 81 30 .oopt,i
4923 1532 22 30 't)

4013 1567 28 31 iv'
4057 1573 64 25 twee
4139 1572 125 26 maanden
4280 1572 61 34 tijds
4368 1572 63 26 door
4447 1569 146 34 uitdieping
4613 1566 46 27 het
4678 1572 89 19 zoovi'i'
4793 1565 26 25 te
4847 1565 100 26 hebbeu

4013 1605 132 32 gebracht,
4163 1605 45 26 dat
4225 1605 109 26 beladen
4350 1604 178 27 stoombooten
4548 1603 45 26 der
4613 1600 165 32 Messagenes
4799 1598 149 33 li_penalea

4013 1637 46 26 het
4076 1637 97 26 kanaal
4189 1638 69 25 kuim

4248 1724 476 40 BINNENLAND.

4208 1819 230 24 AMSTERDAM.
4456 1819 130 24 Maandag
4603 1821 15 21 3
4636 1819 117 24 Januari.

4045 1852 39 21 De
4101 1852 54 30 lijst
4170 1857 51 19 van
4237 1852 46 24 het
4299 1852 98 25 nieuwe
4416 1852 21 25 fr
4599 1852 107 28 :isterie,
4726 1852 81 25 heden
4826 1854 60 19 noor
4904 1852 46 20 het

4015 1881 113 24 Journal
4154 1884 99 30 officiel,
4270 1883 130 33 openbaar
4416 1884 129 32 gemaakt,
4563 1883 60 26 doet
4639 1881 63 32 zien,
4722 1883 44 26 dat
4783 1881 31 25 de
4834 1878 117 27 fransche

4015 1912 146 30 dagbladen
4176 1915 56 25 niet
4247 1915 59 26 best
4323 1923 32 25 op
4371 1916 32 25 de
4417 1915 98 33 hoogte
4534 1924 93 19 waren,
4644 1917 60 24 toen
4722 1915 30 30 zij
4762 1922 69 18 meel.
4840 1911 52 32 len,
4907 1911 44 25 dat

4016 1943 107 26 (Ulivier
4139 1952 79 24 geene
4235 1946 203 33 ondersteuning
4455 1948 93 26 vinden
4566 1956 47 18 zou
4631 1948 35 33 bij
4677 1948 46 25 liet
4741 1942 209 31 linkercontrum.

4015 1976 37 22 De
4069 1976 194 32 samen-telling
4280 1987 50 17 van
4351 1980 45 26 het
4413 1980 107 26 kabinet
4534 1981 22 25 is
4573 1981 57 26 veel
4648 1981 73 26 beter
4736 1980 125 28 danimu,
4879 1985 33 18 na
4920 1975 31 27 de

4015 2006 214 31 onheilspellende
4246 2008 132 27 berichten
4397 2011 56 25 dier
4469 2011 102 27 bladen,
4591 2013 52 25 kou
4659 2011 170 26 verwachten,
4850 2019 30 17 en
4893 2017 58 18 men

4015 2037 70 26 heeft
4100 2036 78 27 thans
4196 2040 130 32 gegronde
4344 2042 76 31 hoop,
4437 2043 45 24 dat
4501 2043 30 24 de
4547 2044 77 30 proef
4643 2053 50 15 van
4711 2044 50 24 den
4773 2044 61 24 heer
4845 2042 106 26 Ollivier

4015 2069 102 26 althans
4142 2070 56 26 niet
4221 2072 144 26 mislukken
4393 2073 47 26 zal.
4456 2073 89 25 omdat
4570 2074 35 31 hij
4623 2075 178 31 genoodzaakt
4820 2082 52 17 was
4890 2075 61 31 zijne

4015 2104 132 27 toevlucht
4163 2105 25 25 te
4206 2112 91 19 nemen
4313 2105 78 33 hetzij
4410 2106 40 25 tot
4467 2112 125 27 personen
4610 2113 48 18 van
4669 2098 180 41 middelmatig
4866 2106 85 26 talent

4015 2137 28 27 of
4057 2137 41 26 tot
4115 2137 99 33 lieden,
4233 2138 40 27 die
4291 2146 51 25 nog
4357 2139 27 25 te
4403 2146 56 19 zeer
4475 2139 112 33 gehecht
4605 2138 50 34 zijn
4671 2147 50 18 aan
4736 2139 48 26 het
4806 2139 80 31 oude,
4912 2147 39 18 om

4015 2170 90 26 vurige
4121 2170 77 26 liefde
4215 2172 27 24 te
4260 2171 135 25 koesteren
4411 2179 63 17 voor
4491 2171 31 25 de
4538 2172 99 24 nieuwe
4655 2172 61 24 orde
4734 2180 51 15 van
4802 2172 89 24 zaken.

4048 2203 53 27 Het
4123 2203 123 27 ofticieele
4261 2204 63 26 blad
4339 2204 70 26 deelt
4430 2204 77 26 thans
4527 2204 47 25 ook
4592 2203 32 26 de
4641 2204 155 33 toespraken
4813 2204 73 25 mede
4904 2211 50 18 van

4016 2237 48 25 den
4081 2237 85 25 keizer
4182 2245 32 26 op
4231 2237 220 34 nieuwjaarsdag,
4468 2236 81 27 welke
4570 2236 148 26 intusschen
4735 2237 69 25 niets
4824 2236 136 31 bevatten,

4016 2269 46 27 dat
4077 2277 57 19 zeer
4147 2270 128 34 bijzonder
4292 2271 30 26 de
4339 2270 129 27 aandacht
4483 2269 124 26 verdient.
4635 2269 50 33 Wij
4703 2269 135 33 verwijzen
4847 2269 46 26 dus
4904 2270 53 25 wat

4017 2303 39 26 dit
4071 2302 97 27 betreft
4187 2313 63 18 naar
4266 2306 46 25 het
4329 2304 126 33 telegram
4473 2303 40 26 uit
4530 2302 92 34 Parijs.

4049 2335 46 26 Uit
4106 2335 145 30 Havanna-
4261 2337 83 26 wordt
4354 2337 107 33 gemeld,
4470 2337 44 26 dat
4526 2336 28 26 de
4566 2334 197 27 revolutionaire
4774 2334 86 25 Junta
4869 2333 74 26 einde-

4018 2368 45 31 lijk
4071 2368 48 26 den
4130 2370 123 26 verderen
4261 2372 74 32 strijd
4344 2372 77 32 tegen
4431 2370 93 33 Spanje
4534 2369 72 27 heeft
4616 2375 152 27 opgegeven,
4775 2366 162 43 besmeurend'
4937 2373 20 24 e,

4017 2401 46 26 dat
4083 2401 50 26 alle
4142 2402 67 33 hoop
4219 2411 32 26 op
4261 2404 201 33 ondersteuning
4468 2411 48 19 van
4526 2404 30 25 de
4566 2402 64 33 zijde
4646 2404 45 25 der
4709 2400 65 28 Unie
4793 2399 58 34 ijdel
4873 2401 83 25 moest

4017 2433 103 27 worden
4154 2437 132 31 genoemd.
4326 2437 91 25 Indien
4448 2437 59 25 deze
4534 2431 96 38 tijding
4655 2435 56 25 zich
4736 2432 144 32 bevestigt,
4906 2432 51 26 dan

4017 2466 51 26 kan
4101 2476 59 18 men
4193 2477 112 26 zeggen,
4338 2469 46 27 dat
4417 2470 93 33 Spanje
4545 2477 47 18 een
4632 2466 122 34 kostelijk
4787 2465 154 33 nieuwjaars-

4018 2500 128 31 geschenk
4162 2503 117 32 ontving,
4297 2494 106 34 immers
4421 2499 26 30 al
4463 2511 52 18 was
4522 2502 47 26 het
4579 2503 86 25 verzet
4682 2503 77 32 tegen
4772 2499 30 26 de
4819 2497 135 34 regeering

4018 2532 73 26 reeds
4110 2533 130 39 geruim.en
4266 2535 48 32 tijd
4339 2535 137 33 hopeloos,
4502 2535 46 26 het
4573 2542 53 18 was
4651 2542 61 18 voor
4729 2533 46 26 het
4792 2531 164 26 moederland

4018 2574 58 18 Z'er
4095 2567 97 39 pijnlijk
4204 2588 4 9 ,
4226 2568 46 26 dat
4290 2568 45 26 het
4351 2568 56 26 niet
4422 2575 61 19 voor
4502 2567 66 34 goed
4593 2575 46 19 een
4657 2567 59 27 eind
4731 2567 52 26 kon
4801 2564 91 26 maken
4910 2570 47 19 aan

4018 2607 47 18 een
4083 2594 89 37 strijd',
4189 2600 40 26 die
4248 2600 50 26 alle
4316 2600 129 33 pogingen
4462 2601 40 26 tot
4521 2600 167 33 verbetering
4704 2607 51 18 van
4773 2598 48 25 den
4838 2595 120 27 toestand

4018 2631 157 31 tegenhield.

4051 2663 72 26 Kaar
4148 2665 148 33 aanleiding
4320 2673 50 19 van
4396 2666 30 26 de
4449 2666 214 26 verontrustende
4680 2663 135 27 berichten
4832 2668 60 18 over
4909 2660 48 26 den

4018 2696 71 24 staat
4107 2705 48 18 van
4173 2698 46 26 het
4238 2698 93 26 kanaal
4349 2706 48 18 van
4416 2699 63 24 Sucz
4496 2698 146 33 verspreid,
4664 2696 100 25 hebben
4785 2694 89 31 eenige
4892 2701 50 17 aan-

4018 2727 170 30 deelhouders
4214 2738 46 19 een
4279 2731 70 26 brief
4363 2731 100 33 gericht
4482 2738 50 19 aan
4548 2722 31 32 de
4597 2730 120 32 Lesseps,
4736 2734 32 18 en
4785 2725 96 35 daarop
4899 2725 17 27 i.
4933 2724 25 27 d.

4022 2764 26 22 11
4071 2763 60 24 Dec.
4150 2771 45 15 een
4214 2763 133 26 antwoord
4365 2764 161 30 ontvangen,
4548 2763 97 24 waarin
4664 2770 21 17 o.
4703 2770 22 17 a.
4743 2759 84 26 wordt
4846 2758 111 34 gezegd:

4113 2796 28 26 17
4159 2796 41 26 tot
4217 2797 32 25 27
4267 2796 64 25 Nov.
4350 2794 48 33 zijn
4420 2797 45 22 13!)
4481 2793 91 33 groote
4590 2793 118 34 schepen,
4724 2793 26 26 te
4768 2800 89 18 zamen
4873 2798 67 24 geme-

4018 2826 45 25 ten
4082 2829 89 27 80,000
4188 2829 52 30 ton,
4258 2828 46 25 het
4319 2826 96 26 kanaal
4433 2826 183 31 doorgevaren.
4633 2828 93 27 Sedert
4741 2826 21 26 is
4772 2826 30 25 de
4811 2828 74 22 vaart
4894 2830 63 26 geen

4019 2857 105 26 enkelen
4146 2858 48 34 dag
4211 2859 130 28 gestremd
4358 2867 32 18 en
4410 2858 39 27 elk
4469 2859 72 33 schip
4559 2861 59 28 kan,
4635 2861 78 32 hetzij
4733 2868 48 17 van
4801 2855 156 27 Suezofvan

4018 2889 143 28 Port-Saïd
4180 2890 44 25 het
4244 2890 91 27 kanaal
4355 2900 149 27 passeeren,
4522 2894 94 26 zonder
4633 2893 89 32 eenige
4742 2887 172 35 moeilijkheid
4931 2888 27 24 te

4018 2922 180 27 ondervinden.
4224 2923 39 26 De
4280 2927 70 25 staat
4367 2935 50 17 van
4433 2927 80 25 zaken
4530 2927 21 25 is
4571 2927 47 25 dus

4050 3012 53 26 Het
4121 3012 188 26 hoofdbestuur
4325 3019 51 18 van
4391 3011 47 25 het
4455 3011 184 25 nederlandsch
4658 3011 287 33 onderwijzers-genoot-

4018 3045 79 34 schap
4129 3044 72 28 heeft
4235 3051 50 19 aan
4310 3041 31 26 de
4367 3043 122 26 besturen
4506 3043 45 24 der
4567 3040 161 37 afdeeliagen
4747 3043 47 25 den
4812 3044 100 25 wensch
4930 3044 27 22 te

4018 3079 100 25 kennen
4136 3084 122 27 gegeven,
4276 3083 41 19 om
4333 3074 64 26 door
4414 3076 40 25 die
4472 3074 161 32 afdeelingen
4651 3074 128 34 pogingen
4791 3083 48 18 aan
4848 3076 26 25 te
4885 3083 53 19 wen-

4018 3111 57 30 den,
4097 3119 39 17 om
4154 3110 26 25 in
4198 3110 80 25 haren
4296 3109 100 24 omtrek
4406 3107 31 24 de
4446 3106 119 34 publieke
4573 3107 91 32 opinie,
4677 3109 111 28 (wegens
4798 3109 44 24 bet
4851 3107 92 26 school-

4018 3143 123 31 verzuim)
4162 3142 102 25 wakker
4280 3142 26 22 te
4325 3141 106 25 maken,
4450 3139 45 24 bet
4514 3138 202 26 schoolverbond
4734 3139 25 24 in
4776 3139 50 31 ziju
4844 3139 61 25 aard
4924 3148 31 17 eu

4018 3176 64 35 zijne
4098 3174 138 31 bedoeling
4254 3174 25 22 te
4298 3171 63 25 doen
4378 3171 100 26 kennen
4499 3180 31 17 en
4547 3170 161 30 waardeeren
4726 3180 39 20 en,
4785 3180 46 18 zoo
4848 3171 39 27 dit
4904 3178 53 26 nog

4017 3202 56 31 niet
4090 3207 46 26 het
4154 3203 77 35 geval
4246 3203 87 26 mocht
4343 3204 58 31 zijn,
4410 3211 48 15 aan
4476 3204 25 22 te
4521 3210 90 25 sporen
4629 3211 31 15 vn
4671 3203 72 25 mede
4755 3206 26 22 te
4793 3206 109 26 werken,
4916 3207 41 22 tot

4017 3240 32 26 de
4067 3239 148 33 oprichting
4231 3244 48 18 van
4297 3229 159 39 plaatselijku
4474 3234 177 33 afdeelingen,
4669 3243 53 18 enz.
4748 3235 71 28 Naar
4837 3237 31 26 de
4885 3246 53 18 mee-

4018 3272 63 32 ning
4108 3279 47 18 van
4182 3272 45 24 het
4253 3267 193 31 hoofdbestuur,
4467 3268 21 24 is
4508 3267 31 25 de
4558 3268 165 32 onderwijzer
4740 3270 31 25 de
4788 3278 168 27 aangewezen

4018 3298 66 37 mail,
4103 3312 41 18 om
4153 3304 41 26 tot
4202 3301 32 27 de
4244 3300 148 34 oprichting
4402 3308 47 18 van
4460 3299 161 34 plaatselijke
4631 3295 162 40 afdeelingen
4802 3304 44 26 des
4856 3301 84 28 school-

4018 3328 126 34 verbonds
4162 3344 32 26 op
4211 3337 26 24 te
4254 3334 107 26 wekken
4380 3343 31 17 en
4427 3333 73 26 mede
4517 3334 26 25 te
4560 3334 111 30 werken,
4684 3344 31 17 en
4724 3335 26 25 in
4760 3335 46 27 har
4825 3344 15 18 n
4851 3335 105 26 boezem

4018 3370 61 26 door
4104 3370 64 33 zijne
4187 3367 189 32 voorlichting,
4395 3367 63 31 zijn-
4475 3366 191 33 raadgevingen
4684 3377 32 17 en
4733 3369 64 32 zijne
4817 3367 124 27 .-crachtda-

4018 3403 58 34 dige
4102 3400 203 28 werkzaamheid
4330 3402 41 25 tot
4390 3399 31 27 de
4439 3399 128 34 nuttigste
4585 3399 72 27 leden
4676 3409 48 18 van
4742 3400 45 26 het
4804 3400 133 27 schoolver-

4017 3436 70 25 bond
4096 3437 26 24 te
4133 3436 136 25 beliooren.
4280 3435 40 24 «Is
4335 3433 39 25 dit
4384 3433 48 24 ook
4447 3442 54 15 uwe
4663 3442 45 17 zoo
4716 3435 81 25 beslui
4828 3435 31 25 de
4872 3433 71 25 eirku-

4018 3468 71 32 laire,
4191 3467 54 27 zult
4260 3465 34 34 gij
4312 3465 46 26 het
4376 3472 46 19 ons
4437 3464 56 26 niet
4509 3464 73 26 euvel
4600 3464 102 30 duiden,
4721 3465 45 25 dat
4783 3467 39 30 wij
4835 3465 40 24 die
4889 3464 54 25 hier-

4121 3509 56 17 .oor
4194 3501 48 24 alle
4260 3500 161 28 afdeelingen
4440 3507 31 15 en
4488 3498 61 25 hare
4569 3497 120 26 besturen
4707 3497 159 33 uitspreken,
4884 3503 72 20 maar

4018 3534 53 26 met
4089 3541 45 18 ons
4150 3533 87 26 willen
4254 3529 176 28 medewerken
4448 3539 47 19 om,
4513 3529 70 26 ieder
4602 3537 63 18 naar
4682 3530 47 33 zijn
4748 3531 67 24 best.
4833 3531 120 24 wetenen

4017 3569 119 26 -vicnilge
4136 3566 6 9 1
4162 3585 66 5 —___
4722 3563 47 24 ook
4788 3563 24 22 ba
4831 3562 60 22 dpye
4909 3570 35 14 «rp-

4016 3599 26 22 te
4059 3596 106 28 strijden
4185 3596 77 30 tegen
4283 3593 30 25 de
4331 3591 203 30 onwetendheid,
4553 3600 31 15 en
4603 3592 30 24 de
4644 3589 123 34 zedelijke
4780 3600 28 17 en
4820 3591 136 32 stoffelijke

4016 3626 143 30 verheffing
4178 3633 48 17 van
4246 3632 45 17 ons
4309 3624 60 25 volk
4388 3625 26 24 te

4046 3693 53 26 Het
4117 3691 158 35 provinciaal
4291 3691 113 32 kollegie
4422 3697 52 19 van
4492 3690 112 26 toezicht
4622 3697 61 19 over
4701 3691 30 24 de
4749 3691 138 32 kerkelijke
4906 3690 33 25 ad-

4016 3726 155 26 ministratie
4189 3724 44 28 der
4251 3723 171 28 hervormden
4437 3723 28 27 in
4481 3722 197 28 Noordholland
4687 3723 72 27 heeft
4767 3731 48 19 aa_
4826 3722 31 28 de
4865 3722 91 28 Eerste

4016 3758 97 25 Kamer
4129 3758 45 24 der
4193 3756 203 27 Staten-Gfenera
4402 3756 24 24 al
4452 3764 46 15 een
4524 3756 74 25 adres
4623 3757 146 32 gezonden,
4788 3755 109 28 waarin,
4915 3762 41 18 ora

4016 3789 96 34 daarbij
4140 3796 148 26 opgegeven
4315 3788 125 30 redenen,
4466 3788 123 26 verzocht
4605 3788 84 26 wordt
4714 3788 91 27 hoofds
4821 3788 32 26 uk
4874 3787 50 25 Vil
4937 3785 22 26 6'

4016 3823 45 27 der
4077 3821 239 33 staatsbegrootiiïg
4332 3828 64 19 voor
4411 3821 45 26 het
4472 3820 59 34 jaar
4552 3823 60 25 1870
4630 3822 25 25 te
4672 3828 137 27 verwerp»
4824 3842 2 4 .
4860 3820 38 27 De
4916 3827 27 25 sy-

4016 3857 92 25 nodale
4129 3854 161 28 kommissie,
4309 3853 45 25 liet
4371 3853 132 31 algemeen
4526 3853 110 33 kollegie
4655 3862 50 18 van
4730 3854 79 26 toezie
4824 3853 20 28 it
4860 3860 31 19 en
4909 3852 47 27 het

4016 3888 158 37 provinciaal
4191 3886 110 34 kollegie
4318 3893 51 17 van
4388 3882 157 30 Gelderland
4561 3886 102 25 hebben
4672 3886 56 25 zich
4737 3886 73 26 reeds
4822 3885 133 27 terzelfder

4017 3925 61 25 zake
4103 3925 41 24 tot
4170 3922 30 25 de
4226 3919 89 28 Eerste
4332 3918 96 26 Kamer
4443 3917 115 32 gewend.
4592 3918 54 25 Het
4663 3918 76 26 adres
4755 3927 51 18 van
4826 3919 44 26 het
4885 3925 72 26 prov.

4017 3956 110 33 kollegie
4144 3956 27 25 in
4188 3948 196 32 Noordholland
4401 3947 66 28 luidt
4485 3947 38 26 als
4539 3947 90 32 volgt:

4051 3990 71 25 ..Aan
4140 3989 30 25 de
4188 3989 90 25 Eerste
4296 3985 94 26 Kamer
4408 3981 44 28 der
4469 3979 233 30 Staten-Generaal
4715 3994 30 5 —
4763 3979 193 35 geeftmetden

4017 4023 112 24 meesten
4148 4019 102 26 eerbied
4266 4020 27 24 te
4311 4018 98 25 kennen
4427 4017 47 26 het
4491 4012 155 37 provinciaal
4656 4012 111 33 kollegie
4780 4022 50 17 van
4840 4012 116 26 toezicht

4142 4052 142 32 kerkelijke
4302 4050 189 26 administratie
4518 4049 45 26 der
4579 4044 169 30 hervormden
4765 4044 27 26 in
4808 4045 132 26 Noordhol-

4016 4085 69 30 land,
4102 4085 46 26 dat
4165 4085 45 26 het
4226 4084 87 27 meent
4330 4083 65 34 zijne
4411 4082 115 33 roeping,
4545 4089 40 19 om
4603 4082 26 26 te
4645 4080 90 27 waken
4743 4085 63 20 voor
4822 4077 118 27 'letrich-

4016 4117 40 34 tig
4072 4119 94 26 beheer
4186 4127 48 18 van
4261 4108 30 35 «Ie
4317 4115 129 39 goederen
4463 4115 45 26 der
4526 4114 150 27 hervormde
4702 4113 151 37 gemeenten
4871 4111 27 26 in
4915 4110 41 26 dit

4016 4153 109 28 gewest,
4142 4150 26 25 te
4187 4141 84 34 zullen
4289 4149 163 30 miskennen,
4469 4156 119 17 wanneer
4605 4147 45 27 het
4668 4155 93 25 zweeg,
4778 4154 35 19 nu
4831 4146 60 27 door
4909 4152 47 20 een

4016 4181 39 26 als
4076 4181 46 26 het
4141 4189 67 18 ware
4234 4181 33 33 bij
4286 4180 148 33 verrassing
4457 4186 126 28 genomen
4611 4180 94 26 besluit
4722 4187 51 19 van
4799 4180 21 25 d.
4846 4176 109 28 Tweede

4016 4214 94 25 Kamer
4128 4214 46 25 der
4191 4206 233 33 Staten-Generaal
4441 4221 47 17 arm
4508 4213 31 26 de
4557 4213 152 26 hervormde
4728 4213 65 26 kerk
4807 4211 30 28 in
4853 4208 85 28 Neder-

4016 4245 61 26 land
4102 4245 32 27 do
4157 4245 93 34 gelden
4269 4245 102 26 werden
4396 4245 174 30 onttrokken,
4587 4245 83 26 welke
4697 4245 86 26 sedert
4800 4252 61 18 eene
4878 4243 78 30 lange

4015 4278 74 26 reeks
4106 4286 51 18 van
4179 4278 77 34 jaren
4279 4278 41 26 uit
4337 4278 31 26 de
4385 4277 129 26 staatskas
4533 4276 99 28 werden
4657 4273 139 35 rerstrekt,
4814 4276 41 28 tot
4872 4277 66 33 goed-

4015 4311 106 32 niaking
4143 4319 48 17 van
4211 4311 30 25 de
4259 4310 190 30 noodzakelijke
4475 4310 91 25 kosten
4585 4318 61 18 voor
4663 4310 46 26 het
4726 4310 113 26 toezicht
4856 4317 32 25 op
4911 4307 45 26 het

4016 4343 93 26 beheer
4127 4343 45 25 der
4188 4343 138 33 kerkelijke
4349 4339 128 37 goederen
4493 4341 27 26 in
4543 4342 30 24 «Ie
4591 4343 187 25 verschillende
4795 4341 162 35 provinciën,

4015 4383 32 15 en
4064 4376 47 22 dus
4128 4376 50 22 ook
4194 4376 26 22 in
4239 4372 204 26 Noordholland.

4049 4407 69 26 //Het
4137 4407 111 33 kollegie
4271 4406 85 27 meent
4378 4406 27 25 in
4428 4406 169 32 herinnering
4613 4407 25 25 te
4656 4415 92 26 mogen
4767 4407 125 32 brengen,
4911 4406 45 25 dat

4015 4439 27 25 in
4058 4439 31 26 de
4115 4439 83 32 dagen
4291 4437 30 27 de
4343 4437 137 33 republiek
4505 4437 45 26 der
4574 4439 159 33 Vereenigde
4760 4437 196 30 Nederlanden,

4015 4469 46 27 het
4085 4470 94 26 beheer
4198 4472 45 25 der
4259 4469 141 33 kerkelijke
4417 4469 129 31 goederen
4572 4470 46 25 der
4637 4463 152 33 hervormde
4806 4472 150 35 gemeenten

4015 4511 120 24 vanwege
4154 4504 28 24 of
4196 4504 79 25 onder
4300 4502 50 25 den
4368 4501 118 26 direkten
4507 4502 104 26 invloed
4632 4502 45 25 der
4695 4502 156 33 wereldlijke
4869 4502 87 26 macht

4015 4534 69 26 werd
4101 4534 124 31 gevoerd;

4135 4567 45 26 het
4196 4566 115 32 beginsel
4330 4573 48 18 van
4396 4566 135 35 scheiding
4547 4574 50 15 van
4615 4566 61 25 kerk
4696 4577 31 14 en
4744 4570 84 27 staat,
4847 4567 64 26 door
4925 4566 32 26 de

4013 4598 144 26 revolutiën
4174 4606 51 18 van
4241 4597 45 28 net
4304 4597 79 26 laatst
4402 4598 46 25 der
4463 4604 89 26 vorige
4570 4605 71 18 eeuw
4656 4598 158 33 gehuldigd,
4833 4599 26 26 in
4878 4599 78 26 dezen

4013 4631 120 25 toestand
4160 4639 60 18 eene
4238 4631 87 33 groote
4343 4630 171 33 verandering
4531 4630 106 32 bracht,
4656 4631 66 26 doch
4740 4631 28 25 de
4787 4631 169 33 gelegenheid

4015 4663 110 26 ontbrak
4152 4671 40 18 om
4218 4663 145 33 gedurende
4389 4663 46 26 het
4461 4662 111 34 tijdperk
4590 4671 48 18 van
4656 4663 253 37 st_atsberoeringen
4925 4672 31 18 en

4013 4696 117 26 vreemde
4148 4694 215 35 overheersching
4380 4703 61 18 eene
4457 4690 99 31 nieuwe
4573 4696 118 34 regeling
4708 4697 26 25 te
4752 4696 139 35 scheppen;

4049 4728 60 30 //dat
4127 4729 104 32 Koning
4252 4728 98 28 Willem
4370 4729 20 30 I,
4419 4728 30 27 de
4467 4729 79 25 zaken
4565 4728 45 27 der
4626 4730 151 25 hervormde
4794 4730 64 25 kerk
4877 4737 64 26 onge-

4013 4761 89 32 regeld
4119 4761 133 31 vindende,
4270 4760 34 33 bij
4322 4760 97 26 besluit
4435 4769 50 17 van
4494 4765 14 24 7
4519 4761 107 25 Januari
4648 4766 40 26 181
4688 4766 27 26 H,
4782 4765 19 28 I,
4820 4763 45 24 het
4881 4762 59 33 alge-

4013 4804 73 17 meen
4111 4795 144 32 reglement
4279 4800 64 19 voor
4367 4794 47 26 het
4439 4793 107 27 bestuur
4572 4793 45 27 der
4635 4794 150 27 hervormde
4801 4794 64 27 kerk
4883 4796 59 25 vast-

4013 4827 83 25 stelde
4104 4838 6 20 ;

4048 4859 69 32 //dat,
4134 4859 99 27 hoewel
4250 4858 30 27 de
4297 4858 177 34 bevoegdheid
4491 4858 44 26 des
4551 4858 119 35 Konings
4685 4861 41 24 tot
4741 4859 47 26 het
4806 4859 150 26 vaststellen

4015 4900 50 18 van
4083 4893 45 30 ;dit
4155 4892 143 32 reglement
4322 4891 141 34 betwijfeld
4480 4891 52 26 kan
4550 4892 116 32 worden,
4688 4893 46 26 het
4753 4893 61 25 door
4833 4893 44 26 het
4894 4893 46 25 her-

4015 4924 90 27 vormd
4128 4924 241 34 kerkgenootschap
4394 4924 70 26 werd
4487 4932 176 24 aangenomen
4695 4935 31 17 en
4759 4925 139 33 ingevoerd
4924 4931 32 19 en

4016 4958 104 25 daarom
4146 4958 61 25 door
4233 4958 45 24 het
4304 4957 106 34 hoogste
4436 4956 150 35 rechterlijk
4604 4958 110 34 kollegie
4731 4957 38 27 als
4787 4958 92 33 wettig
4896 4964 46 19 ver-

4015 4990 113 26 bindend
4144 4990 21 26 is
4181 4989 169 31 beschouwd;

4050 5023 59 26 «dat
4135 5021 214 37 dientengevolge
4375 5022 31 26 de
4429 5022 120 34 Koning,
4574 5022 139 26 krachtens
4739 5023 61 25 artt.
4826 5026 32 22 90
4874 5030 30 17 eu
4923 5024 33 22 92

4015 5065 50 17 van
4089 5055 168 34 evengemeld
4278 5048 158 39 reglement,
4463 5060 30 31 óp
4520 5055 136 26 volkomen
4683 5054 172 27 verbindende
4885 5054 71 33 wijze

4015 5088 46 27 het
4085 5088 94 27 beheer
4206 5088 45 26 der
4272 5088 128 34 goederen
4423 5096 51 17 van
4500 5087 31 26 de
4547 5087 151 26 hervormde
4715 5089 151 31 gemeenten
4884 5086 72 26 heeft

4016 5122 122 33 geregeld
4165 5121 33 32 bij
4224 5130 63 17 voor
4303 5121 31 26 de
4351 5120 187 26 verschillende
4559 5120 148 32 provinciën
4729 5119 28 26 in
4779 5122 78 28 1819,
4877 5121 77 27 1820,

4018 5158 58 22 1821
4097 5163 31 18 en
4148 5158 60 22 1823
4226 5154 174 33 vastgestelde
4417 5152 189 32 reglementen;

4051 5186 60 27 «dat
4128 5189 45 26 ten
4189 5186 107 33 gevolge
4315 5186 74 25 dezer
4404 5184 94 26 laatste
4524 5184 174 32 reglementen
4721 5181 151 32 ingevoerde
4891 5189 47 25 pro-

4016 5219 109 26 vinciale
4141 5213 130 39 koliegiën
4289 5226 48 18 van
4354 5217 113 26 toezicht
4485 5223 59 19 over
4560 5216 31 25 de
4609 5213 137 32 kerkelijke
4763 5212 191 26 administratie

4016 5251 34 34 bij
4077 5252 31 26 de
4133 5251 184 31 hervormden,
4343 5251 105 25 hunnen
4474 5255 138 27 oorsprong
4629 5244 126 27 vindende
4780 5244 27 26 in
4826 5244 126 26 besluiten

4016 5294 51 17 van
4083 5285 50 26 den
4149 5295 117 17 summus
4286 5288 130 28 imperans
4427 5302 5 11 ,
4459 5282 47 25 ook
4524 5281 84 26 steeds
4624 5287 61 18 voor
4702 5278 85 24 hunne
4806 5276 131 27 noodzake-

4016 5317 60 34 lijke
4102 5319 91 26 kosten
4211 5315 182 34 gedefroyeerd
4409 5314 100 27 werden
4526 5313 39 26 uit
4584 5313 30 26 de
4630 5309 137 27 klassikale
4785 5309 61 32 kas,
4871 5309 83 27 welke

4017 5352 105 26 daartoe
4140 5350 31 26 de
4187 5350 93 34 gelden
4297 5357 50 18 van
4363 5349 46 25 het
4427 5348 47 32 rijk
4493 5347 122 32 ontving;

4051 5383 60 27 »dat
4128 5383 31 27 de
4176 5383 120 33 Koning,
4312 5382 47 26 het
4376 5380 109 27 oorbaar
4500 5378 141 28 achtende,
4664 5376 43 25 tot
4722 5375 126 33 volledige
4866 5375 73 25 schei-

4018 5418 63 33 ding
4096 5426 51 18 van
4172 5417 65 27 kerk
4253 5425 32 18 en
4302 5417 69 25 staat
4388 5421 61 19 voor
4476 5413 46 26 het
4539 5411 105 33 vervolg
4661 5408 30 26 de
4708 5407 117 34 regeling
4840 5414 51 18 van
4909 5407 47 27 het

4018 5451 107 26 bestuur
4143 5451 44 25 der
4204 5448 141 34 kerkelijke
4362 5447 125 33 goederen
4506 5453 30 19 en
4554 5445 45 26 het
4616 5443 112 27 toezicht
4744 5441 94 37 daarop
4857 5448 48 18 aan
4923 5441 32 25 de

4017 5484 65 26 kerk
4106 5484 70 26 zelve
4198 5491 60 19 over
4274 5484 26 25 te
4317 5481 86 30 laten,
4428 5479 46 28 het
4495 5478 96 26 besluit
4606 5484 50 19 van
4674 5478 14 24 9
4704 5472 124 28 Februari
4848 5476 61 22 18G6
4926 5480 28 18 ui

4018 5517 46 26 het
4082 5517 151 26 Staatsblad
4248 5523 51 18 van
4317 5515 46 26 dat
4376 5513 66 34 jaar,
4517 5515 35 28 10,
4571 5510 63 26 deed
4651 5507 148 32 afkondige.
4819 5528 5 4 .

4057 5559 6 9 •
4072 5549 46 26 dat
4135 5549 46 26 het
4199 5550 60 25 toen
4278 5548 61 26 door
4356 5546 32 26 de
4413 5544 135 34 regeering
4564 5543 149 33 voorloopig
4728 5541 142 32 ingestelde
4885 5541 61 31 alge-

4017 5589 90 19 meene
4131 5581 113 34 kollegie
4269 5589 51 18 van
4343 5580 115 26 toezicht
4481 5576 139 33 zoodanige
4637 5572 175 33 maatregelen
4830 5578 124 26 genomen

4018 5615 84 31 heeft,
4128 5615 46 26 dat
4202 5615 45 26 het
4272 5613 58 27 doel
4356 5613 45 26 der
4424 5610 148 34 regeering,
4598 5617 40 17 om
4663 5608 39 26 uit
4724 5606 50 27 den
4788 5606 105 26 boezem
4910 5604 45 25 der

4019 5647 151 27 hervormde
4187 5647 65 26 kerk
4270 5646 30 26 de
4316 5644 131 32 koliegiën
4465 5652 48 17 van
4531 5642 93 25 beheer
4643 5641 45 26 der
4704 5640 138 33 goederen,
4853 5637 39 26 die
4904 5644 51 18 van

4018 5680 47 26 het
4082 5680 113 26 toezicht
4213 5687 33 19 en
4264 5679 45 26 dat
4325 5686 51 18 van
4393 5676 45 26 het
4455 5674 191 35 oppertoezicht
4663 5673 96 33 daarop
4767 5674 26 24 te
4801 5672 57 27 zien
4873 5670 66 33 gebo-

4020 5721 46 18 ren
4083 5713 117 30 worden,
4215 5713 63 26 door
4294 5712 39 25 die
4351 5711 64 25 kerk
4433 5709 67 25 zelve
4520 5706 99 27 bereikt
4637 5713 20 19 is
4674 5706 105 26 kunnen
4796 5704 118 28 worden;

4056 5745 59 26 «dat
4141 5745 61 26 toch
4220 5744 91 34 geheel
4326 5741 132 34 vrijwillig
4480 5740 31 25 de
4527 5741 94 24 meest.'
4638 5738 152 26 hervormde
4807 5738 148 32 gemeenten

4023 5779 35 30 (in
4084 5777 195 27 Noordholland
4307 5779 43 24 151
4377 5783 51 18 van
4453 5772 30 27 de
4513 5776 53 28 180)
4592 5771 188 33 medegewerkt
4800 5769 98 27 nebben
4916 5767 40 26 tot

4020 5810 146 33 uitvoering
4185 5818 48 18 van
4251 5810 46 26 het
4312 5807 97 26 besluit
4427 5815 48 17 van
4493 5806 46 24 het
4554 5806 53 24 met
4628 5807 24 22 1°
4670 5804 117 26 Oktober
4807 5805 60 22 18S9
4886 5802 57 31 afge-

4020 5843 91 26 treden
4128 5843 132 33 algemeen
4277 5839 119 34 kollegie,
4413 5838 40 25 dd.
4474 5842 30 22 12
4520 5836 117 28 Oktober
4656 5838 72 27 1868,
4747 5836 90 24 zoouat
4854 5833 31 25 de
4898 5832 44 25 her-

4020 5876 104 26 vormde
4150 5876 63 25 kerk
4239 5874 97 33 gezegd
4362 5874 50 24 kan
4429 5870 117 30 worden,
4563 5869 78 26 thans
4657 5869 39 25 uit
4714 5868 79 26 haren
4811 5867 100 25 boezem
4928 5870 27 18 in

4022 5908 56 26 elke
4094 5908 130 33 provincie
4240 5915 46 17 een
4303 5903 111 33 kollegie
4431 5911 48 17 van
4498 5902 113 26 toezicht
4624 5908 30 19 en
4663 5908 61 18 voor
4741 5900 48 25 alle
4809 5897 143 31 ..rovincièn

4022 5948 46 19 een
4084 5941 133 31 algemeen
4233 5939 111 32 kollegie
4362 5944 50 17 van
4428 5934 113 26 toezicht
4559 5934 84 26 inliet
4656 5933 72 25 leven
4747 5934 25 21 te
4791 5930 144 26 hebbenge-

4020 5981 105 25 roepen;
4153 5973 80 25 welke
4258 5972 93 25 laatste
4378 5967 31 27 de
4424 5967 146 27 definitieve
4598 5960 354 46 regeling,vairbetJfreneer

4020 6007 70 25 moet
4115 6006 161 31 ontwerpen,
4302 6012 40 17 om
4367 6001 78 26 later,
4468 6006 118 19 wanneer
4606 6004 63 25 zijne
4685 5993 72 26 leden
4774 5993 104 22 daartoe
4896 5993 39 15 vei

4023 6038 117 26 dubbeld
4155 6038 85 26 zullen
4258 6035 61 33 zijn,
4336 6037 26 24 te
4381 6032 103 27 worden
4499 6028 169 32 vastgesteld;

4056 6070 60 27 .dat
4141 6071 46 25 het
4209 6077 50 17 van
4278 6051 59 41 'zelf
4358 6066 113 32 spreekt,
4489 6064 45 25 dat
4551 6061 31 27 de
4597 6058 69 26 staat
4682 6051 266 27 devoordekosten

4022 6102 56 31 dier
4101 6100 193 30 noodzakelnke:
4319 6079 631 70 kollegieri™^j3H_S^&

4023 6144 48 18 aan
4081 6136 30 25 de
4121 6126 151 34 hervormde
4289 6133 64 25 kerk
4370 6131 50 25 kan
4437 6126 156 26 onftonden.

4024 6169 61 25 kerk
4104 6169 25 24 te
4148 6167 104 34 plegen,
4277 6163 53 32 die,
4352 6162 53 25 wat
4428 6161 46 21 het
4496 6161 31 19 ne
4779 6175 15 26 a
4826 6175 110 35 gelegen-

4023 6200 181 27 steedsonder
4220 6196 97 33 voegdij
4335 6189 188 61 g^j-tófc
4539 6210 31 25 de
4586 6208 128 27 middelen
4733 6208 66 27 heef.
4814 6217 64 24 ,om
4896 6210 57 30 zich

4023 6233 60 27 heid
4108 6233 52 25 had
4195 6230 122 51 nocli^on
4335 6228 99 40 «it-00,,
4604 6244 12 22 t
4620 6250 9 1 _
4649 6241 77 27 redde
4726 6249 31 11 _..

4056 6270 195 47 JLFdeeeeet
4269 6293 47 17 van
4332 6276 135 35 oppositie,
4485 6275 35 34 bij
4539 6274 122 35 sommige
4678 6278 154 33 gemeenten
4848 6286 89 20 aanwo-

4023 6328 38 24 zi_
4102 6325 27 25 of
4150 6324 31 24 de
4204 6313 161 32 beweringen
4389 6317 77 18 eener
4487 6309 78 33 partij
4592 6309 26 26 in
4645 6309 31 27 de
4702 6311 151 28 hervormde
4879 6313 79 31 kerk,

4022 6346 71 38 nooit
4109 6356 31 22 de
4155 6347 133 30 strekking
4304 6345 105 24 kunnen
4427 6341 103 27 hebben
4547 6351 43 19 om
4606 6352 50 19 aan
4675 6344 30 27 de
4722 6345 152 27 hervo/mde
4891 6346 65 26 kerk

4022 6391 25 22 te
4064 6387 133 22 ontnemen
4213 6378 53 26 wat
4284 6376 31 27 de
4324 6377 70 26 staat
4409 6374 65 30 haar
4492 6384 64 20 naar
4572 6378 76 27 recht
4664 6386 32 19 en
4708 6378 100 37 billijkb
4814 6378 39 28 dd
4870 6378 73 27 schul-

4020 6420 43 27 dig
4082 6417 31 26 is;

4050 6445 60 25 //dat
4128 6450 32 27 op
4178 6442 26 27 al
4220 6442 59 27 deze
4298 6443 117 37 gronden
4433 6444 30 28 de
4480 6446 156 35 aanneming
4652 6456 51 18 van
4721 6455 46 18 een
4779 6443 177 30 amendement

4017 6487 33 21 op
4067 6477 31 25 de
4114 6475 157 39 begrooting
4296 6488 51 19 van
4363 6481 125 34 uitgaven
4506 6489 61 19 voor
4585 6481 45 28 het
4648 6482 54 31 jaar
4722 6483 69 26 1870,
4819 6480 26 25 in
4861 6477 30 25 de
4910 6476 35 26 zit-

4017 6509 58 34 ting
4090 6517 51 18 van
4160 6510 31 27 de
4208 6511 107 30 Tweede
4335 6515 96 26 Kamer
4448 6515 45 26 der
4509 6511 231 30 Staten-Generaal
4759 6520 48 17 van
4820 6514 14 24 7
4852 6510 87 24 Decem-

4016 6541 47 28 bar
4084 6546 76 33 1869,
4186 6547 136 28 waardoor
4346 6548 30 27 de
4395 6549 120 33 toelagen
4539 6555 50 18 aan
4605 6547 32 26 de
4654 6543 154 35 provinciale
4828 6541 128 30 koliegiën

4017 6586 53 19 van
4085 6580 116 28 toezicht
4220 6592 31 25 op
4269 6582 31 26 de
4317 6582 139 33 kerkelijke
4478 6580 206 27 administratiën
4700 6576 33 31 bij
4753 6575 28 25 de
4811 6573 145 34 ueryornide

4019 6617 154 30 gemeenten
4191 6617 50 34 zijn
4257 6615 183 34 weggevallen,
4456 6613 94 32 schijnt
4566 6613 26 25 te
4611 6611 47 32 zijn
4676 6607 90 33 geheel
4782 6613 25 17 ir.
4818 6606 71 27 strijd
4902 6606 53 20 niet

4022 6648 31 27 de
4070 6651 119 30 rechten,
4207 6658 50 19 aan
4273 6650 31 26 de
4322 6647 149 27 hervormde
4487 6645 63 26 kerk
4566 6639 174 28 toekomende,
4756 6640 103 22 immers
4874 6632 80 26 melk

4022 6684 78 34 geval
4115 6684 94 31 hoogst
4226 6680 163 32 verderfelijk
4406 6685 61 19 voor
4485 6678 30 24 de
4532 6676 123 28 belangen

4056 6717 61 26 /„Ut
4135 6713 58 30 toch
4213 6723 46 18 een
4286 6713 143 26 chaosvan
4455 6705 161 50 verwaKÜg
4629 6702 125 53 feg*£
4762 6703 104 50 ™£«fr
4892 6722 50 20 «.*-

4023 6750 78 31 -staat,
4128 6756 12 15 cDe
4141 6756 18 20 D
4187 6743 215 35 dientengevolge
4430 6741 48 26 ook
4514 6738 45 26 het
4577 6733 172 32 g&#t»B«pW
4770 6733 43 17 'JJi
4847 6739 17 12 -
